,lastPrice,tick_volume,bidPrice1,askPrice1,bidPrice1_change,askPrice1_change,bidVolume1,askVolume1,bid_vol_change,ask_vol_change,buy_tick_volume,sell_tick_volume,buy_minus_sell_volume,updateTime
0,50400.0,144.0,50400.0,50420.0,,,167.0,5.0,,,144.0,0.0,144.0,20:59:00
1,50420.0,40.0,50420.0,50430.0,1.0,1.0,10.0,3.0,0.0,0.0,40.0,0.0,40.0,21:00:00
2,50390.0,90.0,50390.0,50400.0,-1.0,-1.0,4.0,9.0,0.0,0.0,0.0,90.0,-90.0,21:00:01
3,50400.0,56.0,50380.0,50390.0,-1.0,-1.0,19.0,17.0,0.0,0.0,0.0,56.0,-56.0,21:00:01
4,50390.0,14.0,50380.0,50390.0,0.0,0.0,12.0,21.0,-7.0,4.0,8.0,6.0,2.0,21:00:02
5,50380.0,26.0,50380.0,50390.0,0.0,0.0,7.0,19.0,-5.0,-2.0,16.0,10.0,6.0,21:00:02
6,50390.0,30.0,50380.0,50390.0,0.0,0.0,1.0,9.0,-6.0,-10.0,18.0,12.0,6.0,21:00:03
7,50390.0,6.0,50380.0,50390.0,0.0,0.0,10.0,6.0,9.0,-3.0,6.0,-0.0,6.0,21:00:03
8,50370.0,30.0,50370.0,50380.0,-1.0,-1.0,8.0,2.0,0.0,0.0,0.0,30.0,-30.0,21:00:04
9,50380.0,26.0,50370.0,50380.0,0.0,0.0,13.0,39.0,5.0,37.0,12.0,14.0,-2.0,21:00:04
10,50380.0,28.0,50370.0,50380.0,0.0,0.0,18.0,34.0,5.0,-5.0,16.0,12.0,4.0,21:00:05
11,50370.0,38.0,50370.0,50380.0,0.0,0.0,9.0,30.0,-9.0,-4.0,8.0,30.0,-22.0,21:00:05
12,50370.0,30.0,50360.0,50370.0,-1.0,-1.0,18.0,1.0,0.0,0.0,0.0,30.0,-30.0,21:00:06
13,50370.0,4.0,50370.0,50380.0,1.0,1.0,6.0,32.0,0.0,0.0,4.0,0.0,4.0,21:00:06
14,50380.0,14.0,50370.0,50380.0,0.0,0.0,38.0,29.0,32.0,-3.0,6.0,8.0,-2.0,21:00:07
15,50370.0,8.0,50370.0,50380.0,0.0,0.0,37.0,36.0,-1.0,7.0,0.0,8.0,-8.0,21:00:07
16,50370.0,76.0,50370.0,50380.0,0.0,0.0,24.0,12.0,-13.0,-24.0,46.0,30.0,16.0,21:00:08
17,50370.0,48.0,50360.0,50370.0,-1.0,-1.0,13.0,2.0,0.0,0.0,0.0,48.0,-48.0,21:00:08
18,50360.0,8.0,50360.0,50370.0,0.0,0.0,8.0,15.0,-5.0,13.0,0.0,8.0,-8.0,21:00:09
19,50370.0,6.0,50360.0,50370.0,0.0,0.0,8.0,17.0,0.0,2.0,2.0,4.0,-2.0,21:00:09
20,50360.0,20.0,50350.0,50360.0,-1.0,-1.0,35.0,1.0,0.0,0.0,0.0,20.0,-20.0,21:00:10
21,50360.0,38.0,50350.0,50360.0,0.0,0.0,33.0,1.0,-2.0,0.0,18.0,20.0,-2.0,21:00:10
22,50350.0,16.0,50350.0,50360.0,0.0,0.0,19.0,1.0,-14.0,0.0,0.0,16.0,-16.0,21:00:11
23,50360.0,10.0,50350.0,50360.0,0.0,0.0,15.0,16.0,-4.0,15.0,2.0,8.0,-6.0,21:00:11
24,50350.0,8.0,50350.0,50360.0,0.0,0.0,6.0,19.0,-9.0,3.0,2.0,6.0,-4.0,21:00:12
25,50360.0,36.0,50340.0,50350.0,-1.0,-1.0,15.0,1.0,0.0,0.0,0.0,36.0,-36.0,21:00:12
26,50340.0,18.0,50340.0,50350.0,0.0,0.0,22.0,10.0,7.0,9.0,0.0,18.0,-18.0,21:00:13
27,50340.0,8.0,50340.0,50350.0,0.0,0.0,19.0,15.0,-3.0,5.0,0.0,8.0,-8.0,21:00:13
28,50340.0,20.0,50340.0,50350.0,0.0,0.0,14.0,16.0,-5.0,1.0,10.0,10.0,0.0,21:00:14
29,50340.0,32.0,50330.0,50340.0,-1.0,-1.0,27.0,6.0,0.0,0.0,0.0,32.0,-32.0,21:00:14
30,50340.0,6.0,50330.0,50340.0,0.0,0.0,25.0,9.0,-2.0,3.0,4.0,2.0,2.0,21:00:15
31,50330.0,26.0,50330.0,50340.0,0.0,0.0,11.0,12.0,-14.0,3.0,0.0,26.0,-26.0,21:00:15
32,50340.0,38.0,50320.0,50340.0,-1.0,0.0,17.0,14.0,0.0,2.0,4.0,34.0,-30.0,21:00:16
33,50320.0,44.0,50310.0,50320.0,-1.0,-1.0,42.0,24.0,0.0,0.0,0.0,44.0,-44.0,21:00:16
34,50310.0,82.0,50310.0,50320.0,0.0,0.0,29.0,5.0,-13.0,-19.0,62.0,20.0,42.0,21:00:17
35,50320.0,20.0,50320.0,50330.0,1.0,1.0,5.0,14.0,0.0,0.0,20.0,0.0,20.0,21:00:17
36,50320.0,20.0,50320.0,50330.0,0.0,0.0,11.0,15.0,6.0,1.0,0.0,20.0,-20.0,21:00:18
37,50320.0,50.0,50320.0,50330.0,0.0,0.0,42.0,9.0,31.0,-6.0,6.0,44.0,-38.0,21:00:18
38,50340.0,40.0,50330.0,50340.0,1.0,1.0,2.0,1.0,0.0,0.0,40.0,0.0,40.0,21:00:19
39,50340.0,22.0,50340.0,50350.0,1.0,1.0,5.0,3.0,0.0,0.0,22.0,0.0,22.0,21:00:19
40,50340.0,30.0,50330.0,50350.0,-1.0,0.0,14.0,19.0,0.0,16.0,8.0,22.0,-14.0,21:00:20
41,50340.0,38.0,50330.0,50340.0,0.0,-1.0,4.0,2.0,-10.0,0.0,4.0,34.0,-30.0,21:00:20
42,50330.0,22.0,50320.0,50330.0,-1.0,-1.0,37.0,58.0,0.0,0.0,0.0,22.0,-22.0,21:00:21
43,50330.0,18.0,50320.0,50330.0,0.0,0.0,41.0,50.0,4.0,-8.0,18.0,-0.0,18.0,21:00:21
44,50330.0,24.0,50320.0,50330.0,0.0,0.0,35.0,47.0,-6.0,-3.0,8.0,16.0,-8.0,21:00:22
45,50330.0,10.0,50320.0,50330.0,0.0,0.0,35.0,42.0,0.0,-5.0,10.0,-0.0,10.0,21:00:22
46,50330.0,64.0,50320.0,50330.0,0.0,0.0,30.0,15.0,-5.0,-27.0,54.0,10.0,44.0,21:00:23
47,50330.0,14.0,50320.0,50330.0,0.0,0.0,66.0,8.0,36.0,-7.0,14.0,-0.0,14.0,21:00:23
48,50320.0,28.0,50320.0,50340.0,0.0,1.0,61.0,16.0,-5.0,0.0,16.0,12.0,4.0,21:00:24
49,50320.0,4.0,50320.0,50330.0,0.0,-1.0,60.0,2.0,-1.0,0.0,0.0,4.0,-4.0,21:00:24
50,50320.0,18.0,50320.0,50330.0,0.0,0.0,54.0,6.0,-6.0,4.0,2.0,16.0,-14.0,21:00:25
51,50320.0,2.0,50320.0,50330.0,0.0,0.0,53.0,8.0,-1.0,2.0,0.0,2.0,-2.0,21:00:25
52,50320.0,6.0,50320.0,50330.0,0.0,0.0,51.0,9.0,-2.0,1.0,0.0,6.0,-6.0,21:00:26
53,50330.0,4.0,50320.0,50330.0,0.0,0.0,51.0,8.0,0.0,-1.0,4.0,-0.0,4.0,21:00:26
54,50320.0,8.0,50320.0,50330.0,0.0,0.0,47.0,8.0,-4.0,0.0,0.0,8.0,-8.0,21:00:27
55,50330.0,6.0,50320.0,50330.0,0.0,0.0,47.0,7.0,0.0,-1.0,6.0,-0.0,6.0,21:00:27
56,50320.0,16.0,50320.0,50330.0,0.0,0.0,41.0,9.0,-6.0,2.0,0.0,16.0,-16.0,21:00:28
57,50330.0,18.0,50320.0,50330.0,0.0,0.0,35.0,6.0,-6.0,-3.0,6.0,12.0,-6.0,21:00:28
58,50320.0,42.0,50320.0,50330.0,0.0,0.0,15.0,5.0,-20.0,-1.0,2.0,40.0,-38.0,21:00:29
59,50320.0,84.0,50300.0,50320.0,-1.0,-1.0,15.0,2.0,0.0,0.0,0.0,84.0,-84.0,21:00:29
60,50310.0,22.0,50300.0,50310.0,0.0,-1.0,22.0,4.0,7.0,0.0,3.0,19.0,-16.0,21:00:30
61,50290.0,74.0,50280.0,50300.0,-1.0,-1.0,12.0,1.0,0.0,0.0,0.0,74.0,-74.0,21:00:30
62,50280.0,42.0,50280.0,50290.0,0.0,-1.0,19.0,3.0,7.0,0.0,4.0,38.0,-34.0,21:00:31
63,50290.0,6.0,50280.0,50290.0,0.0,0.0,8.0,13.0,-11.0,10.0,4.0,2.0,2.0,21:00:31
64,50290.0,30.0,50280.0,50290.0,0.0,0.0,1.0,19.0,-7.0,6.0,2.0,28.0,-26.0,21:00:32
65,50270.0,10.0,50270.0,50280.0,-1.0,-1.0,5.0,11.0,0.0,0.0,0.0,10.0,-10.0,21:00:32
66,50280.0,36.0,50270.0,50280.0,0.0,0.0,1.0,19.0,-4.0,8.0,6.0,30.0,-24.0,21:00:33
67,50260.0,12.0,50260.0,50270.0,-1.0,-1.0,9.0,7.0,0.0,0.0,0.0,12.0,-12.0,21:00:33
68,50250.0,46.0,50240.0,50260.0,-1.0,-1.0,4.0,1.0,0.0,0.0,0.0,46.0,-46.0,21:00:34
69,50250.0,10.0,50240.0,50260.0,0.0,0.0,19.0,18.0,15.0,17.0,5.0,5.0,0.0,21:00:34
70,50240.0,18.0,50240.0,50250.0,0.0,-1.0,23.0,3.0,4.0,0.0,1.0,17.0,-16.0,21:00:35
71,50240.0,40.0,50240.0,50250.0,0.0,0.0,21.0,6.0,-2.0,3.0,24.0,16.0,8.0,21:00:35
72,50250.0,48.0,50240.0,50260.0,0.0,1.0,13.0,18.0,-8.0,0.0,16.0,32.0,-16.0,21:00:36
73,50250.0,22.0,50250.0,50260.0,1.0,0.0,3.0,18.0,0.0,0.0,9.0,13.0,-4.0,21:00:36
74,50250.0,26.0,50250.0,50260.0,0.0,0.0,4.0,13.0,1.0,-5.0,10.0,16.0,-6.0,21:00:37
75,50260.0,4.0,50250.0,50260.0,0.0,0.0,48.0,14.0,44.0,1.0,4.0,-0.0,4.0,21:00:37
76,50260.0,46.0,50260.0,50270.0,1.0,1.0,9.0,13.0,0.0,0.0,46.0,0.0,46.0,21:00:38
77,50280.0,28.0,50270.0,50280.0,1.0,1.0,3.0,13.0,0.0,0.0,28.0,0.0,28.0,21:00:38
78,50270.0,38.0,50280.0,50290.0,1.0,1.0,2.0,9.0,0.0,0.0,38.0,0.0,38.0,21:00:39
79,50260.0,58.0,50260.0,50280.0,-1.0,-1.0,10.0,24.0,0.0,0.0,0.0,58.0,-58.0,21:00:39
80,50260.0,16.0,50260.0,50270.0,0.0,-1.0,18.0,5.0,8.0,0.0,0.0,16.0,-16.0,21:00:40
81,50270.0,4.0,50260.0,50270.0,0.0,0.0,12.0,6.0,-6.0,1.0,4.0,-0.0,4.0,21:00:40
82,50270.0,4.0,50260.0,50270.0,0.0,0.0,9.0,21.0,-3.0,15.0,2.0,2.0,0.0,21:00:41
83,50270.0,46.0,50270.0,50280.0,1.0,1.0,1.0,26.0,0.0,0.0,46.0,0.0,46.0,21:00:41
84,50270.0,14.0,50270.0,50280.0,0.0,0.0,8.0,27.0,7.0,1.0,2.0,12.0,-10.0,21:00:42
85,50270.0,0.0,50270.0,50280.0,0.0,0.0,15.0,29.0,7.0,2.0,0.0,-0.0,0.0,21:00:42
86,50270.0,14.0,50270.0,50280.0,0.0,0.0,11.0,29.0,-4.0,0.0,0.0,14.0,-14.0,21:00:43
87,50280.0,4.0,50270.0,50280.0,0.0,0.0,6.0,22.0,-5.0,-7.0,4.0,-0.0,4.0,21:00:43
88,50270.0,48.0,50260.0,50270.0,-1.0,-1.0,23.0,4.0,0.0,0.0,0.0,48.0,-48.0,21:00:44
89,50270.0,8.0,50270.0,50280.0,1.0,1.0,26.0,11.0,0.0,0.0,8.0,0.0,8.0,21:00:44
90,50280.0,24.0,50280.0,50290.0,1.0,1.0,5.0,13.0,0.0,0.0,24.0,0.0,24.0,21:00:45
91,50280.0,4.0,50280.0,50290.0,0.0,0.0,12.0,12.0,7.0,-1.0,2.0,2.0,0.0,21:00:45
92,50280.0,4.0,50280.0,50290.0,0.0,0.0,17.0,15.0,5.0,3.0,0.0,4.0,-4.0,21:00:46
93,50290.0,10.0,50280.0,50290.0,0.0,0.0,18.0,10.0,1.0,-5.0,10.0,-0.0,10.0,21:00:46
94,50290.0,18.0,50280.0,50290.0,0.0,0.0,13.0,5.0,-5.0,-5.0,6.0,12.0,-6.0,21:00:47
95,50290.0,16.0,50290.0,50300.0,1.0,1.0,3.0,4.0,0.0,0.0,16.0,0.0,16.0,21:00:47
96,50290.0,24.0,50280.0,50290.0,-1.0,-1.0,19.0,2.0,0.0,0.0,0.0,24.0,-24.0,21:00:48
97,50290.0,6.0,50290.0,50300.0,1.0,1.0,1.0,23.0,0.0,0.0,6.0,0.0,6.0,21:00:48
98,50290.0,4.0,50280.0,50290.0,-1.0,-1.0,21.0,12.0,0.0,0.0,0.0,4.0,-4.0,21:00:49
99,50290.0,0.0,50280.0,50290.0,0.0,0.0,18.0,14.0,-3.0,2.0,0.0,-0.0,0.0,21:00:49
100,50290.0,24.0,50280.0,50290.0,0.0,0.0,10.0,12.0,-8.0,-2.0,6.0,18.0,-12.0,21:00:50
101,50290.0,2.0,50280.0,50290.0,0.0,0.0,11.0,14.0,1.0,2.0,2.0,-0.0,2.0,21:00:50
102,50290.0,10.0,50280.0,50290.0,0.0,0.0,10.0,11.0,-1.0,-3.0,6.0,4.0,2.0,21:00:51
103,50290.0,4.0,50280.0,50290.0,0.0,0.0,15.0,9.0,5.0,-2.0,4.0,-0.0,4.0,21:00:51
104,50280.0,8.0,50280.0,50290.0,0.0,0.0,13.0,7.0,-2.0,-2.0,0.0,8.0,-8.0,21:00:52
105,50280.0,14.0,50280.0,50290.0,0.0,0.0,12.0,2.0,-1.0,-5.0,10.0,4.0,6.0,21:00:52
106,50280.0,8.0,50280.0,50290.0,0.0,0.0,12.0,2.0,0.0,0.0,0.0,8.0,-8.0,21:00:53
107,50280.0,0.0,50280.0,50290.0,0.0,0.0,12.0,2.0,0.0,0.0,0.0,-0.0,0.0,21:00:53
108,50280.0,12.0,50280.0,50300.0,0.0,1.0,10.0,25.0,-2.0,0.0,4.0,8.0,-4.0,21:00:54
109,50280.0,0.0,50280.0,50290.0,0.0,-1.0,10.0,2.0,0.0,0.0,0.0,-0.0,0.0,21:00:54
110,50280.0,20.0,50280.0,50290.0,0.0,0.0,10.0,7.0,0.0,5.0,6.0,14.0,-8.0,21:00:55
111,50280.0,0.0,50280.0,50290.0,0.0,0.0,11.0,7.0,1.0,0.0,0.0,-0.0,0.0,21:00:55
112,50280.0,14.0,50280.0,50290.0,0.0,0.0,16.0,6.0,5.0,-1.0,2.0,12.0,-10.0,21:00:56
113,50290.0,12.0,50290.0,50300.0,1.0,1.0,22.0,25.0,0.0,0.0,12.0,0.0,12.0,21:00:56
114,50300.0,18.0,50290.0,50300.0,0.0,0.0,27.0,14.0,5.0,-11.0,10.0,8.0,2.0,21:00:57
115,50300.0,10.0,50290.0,50300.0,0.0,0.0,32.0,8.0,5.0,-6.0,10.0,-0.0,10.0,21:00:57
116,50300.0,24.0,50300.0,50310.0,1.0,1.0,18.0,13.0,0.0,0.0,24.0,0.0,24.0,21:00:58
117,50310.0,10.0,50300.0,50310.0,0.0,0.0,20.0,14.0,2.0,1.0,2.0,8.0,-6.0,21:00:58
118,50310.0,14.0,50300.0,50310.0,0.0,0.0,21.0,12.0,1.0,-2.0,4.0,10.0,-6.0,21:00:59
119,50310.0,0.0,50300.0,50310.0,0.0,0.0,22.0,12.0,1.0,0.0,0.0,-0.0,0.0,21:00:59
120,50300.0,6.0,50300.0,50310.0,0.0,0.0,20.0,10.0,-2.0,-2.0,0.0,6.0,-6.0,21:01:00
121,50300.0,32.0,50300.0,50310.0,0.0,0.0,3.0,15.0,-17.0,5.0,2.0,30.0,-28.0,21:01:00
122,50300.0,12.0,50290.0,50300.0,-1.0,-1.0,10.0,41.0,0.0,0.0,0.0,12.0,-12.0,21:01:01
123,50290.0,32.0,50280.0,50290.0,-1.0,-1.0,15.0,6.0,0.0,0.0,0.0,32.0,-32.0,21:01:01
124,50290.0,54.0,50280.0,50290.0,0.0,0.0,3.0,3.0,-12.0,-3.0,4.0,50.0,-46.0,21:01:02
125,50280.0,26.0,50280.0,50290.0,0.0,0.0,9.0,4.0,6.0,1.0,16.0,10.0,6.0,21:01:02
126,50280.0,0.0,50280.0,50290.0,0.0,0.0,11.0,4.0,2.0,0.0,0.0,-0.0,0.0,21:01:03
127,50280.0,0.0,50280.0,50290.0,0.0,0.0,11.0,4.0,0.0,0.0,0.0,-0.0,0.0,21:01:03
128,50280.0,0.0,50280.0,50290.0,0.0,0.0,12.0,8.0,1.0,4.0,0.0,-0.0,0.0,21:01:04
129,50290.0,12.0,50280.0,50290.0,0.0,0.0,13.0,3.0,1.0,-5.0,12.0,-0.0,12.0,21:01:04
130,50290.0,4.0,50280.0,50290.0,0.0,0.0,15.0,3.0,2.0,0.0,2.0,2.0,0.0,21:01:05
131,50290.0,6.0,50290.0,50300.0,1.0,1.0,2.0,51.0,0.0,0.0,6.0,0.0,6.0,21:01:05
132,50290.0,4.0,50280.0,50290.0,-1.0,-1.0,15.0,6.0,0.0,0.0,0.0,4.0,-4.0,21:01:06
133,50280.0,8.0,50280.0,50290.0,0.0,0.0,15.0,10.0,0.0,4.0,0.0,8.0,-8.0,21:01:06
134,50290.0,12.0,50280.0,50290.0,0.0,0.0,9.0,13.0,-6.0,3.0,12.0,-0.0,12.0,21:01:07
135,50280.0,2.0,50280.0,50290.0,0.0,0.0,16.0,16.0,7.0,3.0,0.0,2.0,-2.0,21:01:07
136,50280.0,34.0,50280.0,50290.0,0.0,0.0,1.0,17.0,-15.0,1.0,2.0,32.0,-30.0,21:01:08
137,50280.0,32.0,50270.0,50280.0,-1.0,-1.0,9.0,8.0,0.0,0.0,0.0,32.0,-32.0,21:01:08
138,50270.0,14.0,50260.0,50270.0,-1.0,-1.0,46.0,1.0,0.0,0.0,0.0,14.0,-14.0,21:01:09
139,50270.0,20.0,50260.0,50270.0,0.0,0.0,42.0,10.0,-4.0,9.0,20.0,-0.0,20.0,21:01:09
140,50270.0,16.0,50260.0,50270.0,0.0,0.0,34.0,8.0,-8.0,-2.0,10.0,6.0,4.0,21:01:10
141,50270.0,16.0,50270.0,50280.0,1.0,1.0,3.0,15.0,0.0,0.0,16.0,0.0,16.0,21:01:10
142,50280.0,12.0,50260.0,50270.0,-1.0,-1.0,38.0,2.0,0.0,0.0,0.0,12.0,-12.0,21:01:11
143,50260.0,28.0,50260.0,50270.0,0.0,0.0,26.0,11.0,-12.0,9.0,10.0,18.0,-8.0,21:01:11
144,50260.0,18.0,50260.0,50270.0,0.0,0.0,18.0,10.0,-8.0,-1.0,2.0,16.0,-14.0,21:01:12
145,50270.0,10.0,50260.0,50270.0,0.0,0.0,14.0,22.0,-4.0,12.0,2.0,8.0,-6.0,21:01:12
146,50260.0,22.0,50260.0,50270.0,0.0,0.0,6.0,21.0,-8.0,-1.0,4.0,18.0,-14.0,21:01:13
147,50260.0,10.0,50250.0,50270.0,-1.0,0.0,22.0,17.0,0.0,-4.0,0.0,10.0,-10.0,21:01:13
148,50260.0,6.0,50250.0,50270.0,0.0,0.0,24.0,25.0,2.0,8.0,2.0,4.0,-2.0,21:01:14
149,50270.0,14.0,50250.0,50270.0,0.0,0.0,24.0,14.0,0.0,-11.0,14.0,-0.0,14.0,21:01:14
150,50260.0,30.0,50260.0,50270.0,1.0,0.0,5.0,7.0,0.0,-7.0,28.0,2.0,26.0,21:01:15
151,50270.0,2.0,50260.0,50270.0,0.0,0.0,14.0,9.0,9.0,2.0,2.0,-0.0,2.0,21:01:15
152,50260.0,2.0,50260.0,50270.0,0.0,0.0,17.0,7.0,3.0,-2.0,0.0,2.0,-2.0,21:01:16
153,50260.0,4.0,50260.0,50270.0,0.0,0.0,15.0,4.0,-2.0,-3.0,0.0,4.0,-4.0,21:01:16
154,50260.0,0.0,50260.0,50270.0,0.0,0.0,17.0,4.0,2.0,0.0,0.0,-0.0,0.0,21:01:17
155,50270.0,2.0,50260.0,50270.0,0.0,0.0,17.0,6.0,0.0,2.0,2.0,-0.0,2.0,21:01:17
156,50260.0,2.0,50260.0,50270.0,0.0,0.0,18.0,6.0,1.0,0.0,0.0,2.0,-2.0,21:01:18
157,50270.0,4.0,50260.0,50270.0,0.0,0.0,15.0,7.0,-3.0,1.0,4.0,-0.0,4.0,21:01:18
158,50260.0,2.0,50260.0,50270.0,0.0,0.0,12.0,11.0,-3.0,4.0,0.0,2.0,-2.0,21:01:19
159,50270.0,20.0,50250.0,50270.0,-1.0,0.0,32.0,6.0,0.0,-5.0,4.0,16.0,-12.0,21:01:19
160,50260.0,4.0,50250.0,50260.0,0.0,-1.0,28.0,1.0,-4.0,0.0,2.0,2.0,0.0,21:01:20
161,50260.0,0.0,50250.0,50260.0,0.0,0.0,29.0,6.0,1.0,5.0,0.0,-0.0,0.0,21:01:20
162,50260.0,2.0,50250.0,50260.0,0.0,0.0,29.0,5.0,0.0,-1.0,2.0,-0.0,2.0,21:01:21
163,50260.0,10.0,50250.0,50270.0,0.0,1.0,28.0,17.0,-1.0,0.0,10.0,-0.0,10.0,21:01:21
164,50260.0,18.0,50260.0,50270.0,1.0,0.0,3.0,15.0,0.0,-2.0,7.0,11.0,-4.0,21:01:22
165,50260.0,12.0,50260.0,50270.0,0.0,0.0,4.0,15.0,1.0,0.0,0.0,12.0,-12.0,21:01:22
166,50260.0,0.0,50260.0,50270.0,0.0,0.0,4.0,15.0,0.0,0.0,0.0,-0.0,0.0,21:01:23
167,50260.0,0.0,50260.0,50270.0,0.0,0.0,7.0,15.0,3.0,0.0,0.0,-0.0,0.0,21:01:23
168,50270.0,8.0,50260.0,50270.0,0.0,0.0,6.0,5.0,-1.0,-10.0,6.0,2.0,4.0,21:01:24
169,50260.0,32.0,50250.0,50260.0,-1.0,-1.0,30.0,2.0,0.0,0.0,0.0,32.0,-32.0,21:01:24
170,50260.0,30.0,50260.0,50270.0,1.0,1.0,2.0,9.0,0.0,0.0,30.0,0.0,30.0,21:01:25
171,50270.0,2.0,50260.0,50270.0,0.0,0.0,10.0,2.0,8.0,-7.0,2.0,-0.0,2.0,21:01:25
172,50260.0,6.0,50260.0,50270.0,0.0,0.0,7.0,2.0,-3.0,0.0,0.0,6.0,-6.0,21:01:26
173,50260.0,0.0,50260.0,50270.0,0.0,0.0,7.0,6.0,0.0,4.0,0.0,-0.0,0.0,21:01:26
174,50260.0,2.0,50260.0,50270.0,0.0,0.0,7.0,6.0,0.0,0.0,0.0,2.0,-2.0,21:01:27
175,50260.0,0.0,50260.0,50270.0,0.0,0.0,7.0,8.0,0.0,2.0,0.0,-0.0,0.0,21:01:27
176,50270.0,2.0,50260.0,50270.0,0.0,0.0,7.0,7.0,0.0,-1.0,2.0,-0.0,2.0,21:01:28
177,50260.0,18.0,50270.0,50280.0,1.0,1.0,1.0,15.0,0.0,0.0,18.0,0.0,18.0,21:01:28
178,50270.0,10.0,50260.0,50270.0,-1.0,-1.0,21.0,2.0,0.0,0.0,0.0,10.0,-10.0,21:01:29
179,50260.0,12.0,50260.0,50280.0,0.0,1.0,34.0,11.0,13.0,0.0,4.0,8.0,-4.0,21:01:29
180,50270.0,2.0,50270.0,50280.0,1.0,0.0,5.0,11.0,0.0,0.0,1.0,1.0,0.0,21:01:30
181,50260.0,42.0,50260.0,50270.0,-1.0,-1.0,23.0,3.0,0.0,0.0,0.0,42.0,-42.0,21:01:30
182,50260.0,14.0,50260.0,50280.0,0.0,1.0,22.0,11.0,-1.0,0.0,12.0,2.0,10.0,21:01:31
183,50280.0,28.0,50270.0,50290.0,1.0,1.0,6.0,15.0,0.0,0.0,28.0,-0.0,28.0,21:01:31
184,50270.0,6.0,50270.0,50280.0,0.0,-1.0,10.0,2.0,4.0,0.0,2.0,4.0,-2.0,21:01:32
185,50280.0,4.0,50270.0,50290.0,0.0,1.0,15.0,14.0,5.0,0.0,4.0,-0.0,4.0,21:01:32
186,50280.0,2.0,50280.0,50290.0,1.0,0.0,1.0,11.0,0.0,-3.0,1.0,1.0,0.0,21:01:33
187,50280.0,4.0,50280.0,50290.0,0.0,0.0,2.0,12.0,1.0,1.0,0.0,4.0,-4.0,21:01:33
188,50280.0,4.0,50280.0,50290.0,0.0,0.0,1.0,15.0,-1.0,3.0,0.0,4.0,-4.0,21:01:34
189,50280.0,2.0,50270.0,50290.0,-1.0,0.0,16.0,16.0,0.0,1.0,0.0,2.0,-2.0,21:01:34
190,50280.0,4.0,50270.0,50290.0,0.0,0.0,23.0,16.0,7.0,0.0,2.0,2.0,0.0,21:01:35
191,50280.0,0.0,50280.0,50290.0,1.0,0.0,4.0,17.0,0.0,1.0,0.0,-0.0,0.0,21:01:35
192,50290.0,8.0,50280.0,50290.0,0.0,0.0,6.0,16.0,2.0,-1.0,2.0,6.0,-4.0,21:01:36
193,50280.0,12.0,50280.0,50290.0,0.0,0.0,12.0,14.0,6.0,-2.0,8.0,4.0,4.0,21:01:36
194,50280.0,4.0,50280.0,50290.0,0.0,0.0,11.0,14.0,-1.0,0.0,0.0,4.0,-4.0,21:01:37
195,50290.0,2.0,50280.0,50290.0,0.0,0.0,12.0,13.0,1.0,-1.0,2.0,-0.0,2.0,21:01:37
196,50280.0,6.0,50280.0,50290.0,0.0,0.0,9.0,13.0,-3.0,0.0,0.0,6.0,-6.0,21:01:38
197,50280.0,16.0,50280.0,50290.0,0.0,0.0,2.0,12.0,-7.0,-1.0,2.0,14.0,-12.0,21:01:39
198,50290.0,6.0,50280.0,50290.0,0.0,0.0,2.0,14.0,0.0,2.0,2.0,4.0,-2.0,21:01:39
199,50280.0,4.0,50280.0,50290.0,0.0,0.0,2.0,15.0,0.0,1.0,0.0,4.0,-4.0,21:01:40
200,50280.0,0.0,50280.0,50290.0,0.0,0.0,2.0,18.0,0.0,3.0,0.0,-0.0,0.0,21:01:40
201,50280.0,4.0,50270.0,50280.0,-1.0,-1.0,26.0,8.0,0.0,0.0,0.0,4.0,-4.0,21:01:41
202,50280.0,0.0,50270.0,50280.0,0.0,0.0,23.0,9.0,-3.0,1.0,0.0,-0.0,0.0,21:01:41
203,50290.0,28.0,50280.0,50290.0,1.0,1.0,3.0,13.0,0.0,0.0,28.0,0.0,28.0,21:01:42
204,50280.0,18.0,50280.0,50290.0,0.0,0.0,2.0,12.0,-1.0,-1.0,2.0,16.0,-14.0,21:01:42
205,50280.0,0.0,50280.0,50290.0,0.0,0.0,5.0,12.0,3.0,0.0,0.0,-0.0,0.0,21:01:43
206,50280.0,0.0,50280.0,50290.0,0.0,0.0,2.0,10.0,-3.0,-2.0,0.0,-0.0,0.0,21:01:43
207,50280.0,4.0,50270.0,50280.0,-1.0,-1.0,23.0,18.0,0.0,0.0,0.0,4.0,-4.0,21:01:44
208,50280.0,0.0,50270.0,50280.0,0.0,0.0,20.0,23.0,-3.0,5.0,0.0,-0.0,0.0,21:01:44
209,50280.0,4.0,50270.0,50280.0,0.0,0.0,21.0,19.0,1.0,-4.0,2.0,2.0,0.0,21:01:45
210,50280.0,0.0,50270.0,50280.0,0.0,0.0,22.0,19.0,1.0,0.0,0.0,-0.0,0.0,21:01:45
211,50280.0,2.0,50270.0,50280.0,0.0,0.0,24.0,18.0,2.0,-1.0,2.0,-0.0,2.0,21:01:46
212,50280.0,0.0,50270.0,50280.0,0.0,0.0,24.0,18.0,0.0,0.0,0.0,-0.0,0.0,21:01:46
213,50280.0,10.0,50270.0,50280.0,0.0,0.0,23.0,14.0,-1.0,-4.0,8.0,2.0,6.0,21:01:47
214,50280.0,0.0,50270.0,50280.0,0.0,0.0,24.0,14.0,1.0,0.0,0.0,-0.0,0.0,21:01:47
215,50270.0,2.0,50270.0,50280.0,0.0,0.0,20.0,17.0,-4.0,3.0,0.0,2.0,-2.0,21:01:48
216,50280.0,2.0,50270.0,50280.0,0.0,0.0,18.0,18.0,-2.0,1.0,2.0,-0.0,2.0,21:01:48
217,50280.0,0.0,50270.0,50280.0,0.0,0.0,20.0,27.0,2.0,9.0,0.0,-0.0,0.0,21:01:50
218,50280.0,0.0,50270.0,50280.0,0.0,0.0,20.0,28.0,0.0,1.0,0.0,-0.0,0.0,21:01:50
219,50270.0,4.0,50270.0,50280.0,0.0,0.0,18.0,28.0,-2.0,0.0,0.0,4.0,-4.0,21:01:51
220,50270.0,2.0,50270.0,50280.0,0.0,0.0,17.0,28.0,-1.0,0.0,0.0,2.0,-2.0,21:01:51
221,50270.0,2.0,50270.0,50280.0,0.0,0.0,16.0,28.0,-1.0,0.0,0.0,2.0,-2.0,21:01:52
222,50270.0,4.0,50270.0,50280.0,0.0,0.0,14.0,27.0,-2.0,-1.0,2.0,2.0,0.0,21:01:52
223,50270.0,2.0,50270.0,50280.0,0.0,0.0,13.0,27.0,-1.0,0.0,0.0,2.0,-2.0,21:01:53
224,50270.0,4.0,50270.0,50280.0,0.0,0.0,11.0,27.0,-2.0,0.0,0.0,4.0,-4.0,21:01:54
225,50270.0,22.0,50270.0,50280.0,0.0,0.0,1.0,27.0,-10.0,0.0,0.0,22.0,-22.0,21:01:54
226,50270.0,4.0,50260.0,50280.0,-1.0,0.0,27.0,27.0,0.0,0.0,0.0,4.0,-4.0,21:01:55
227,50270.0,0.0,50260.0,50280.0,0.0,0.0,27.0,27.0,0.0,0.0,0.0,-0.0,0.0,21:01:55
228,50270.0,0.0,50260.0,50280.0,0.0,0.0,27.0,27.0,0.0,0.0,0.0,-0.0,0.0,21:01:56
229,50270.0,0.0,50260.0,50280.0,0.0,0.0,27.0,33.0,0.0,6.0,0.0,-0.0,0.0,21:01:56
230,50260.0,4.0,50260.0,50270.0,0.0,-1.0,25.0,3.0,-2.0,0.0,0.0,4.0,-4.0,21:01:57
231,50260.0,0.0,50260.0,50270.0,0.0,0.0,27.0,12.0,2.0,9.0,0.0,-0.0,0.0,21:01:57
232,50270.0,4.0,50260.0,50270.0,0.0,0.0,27.0,12.0,0.0,0.0,4.0,-0.0,4.0,21:01:58
233,50260.0,4.0,50260.0,50270.0,0.0,0.0,25.0,12.0,-2.0,0.0,0.0,4.0,-4.0,21:01:58
234,50260.0,4.0,50260.0,50270.0,0.0,0.0,24.0,12.0,-1.0,0.0,0.0,4.0,-4.0,21:01:59
235,50270.0,18.0,50260.0,50270.0,0.0,0.0,23.0,10.0,-1.0,-2.0,10.0,8.0,2.0,21:01:59
236,50260.0,2.0,50260.0,50270.0,0.0,0.0,22.0,10.0,-1.0,0.0,0.0,2.0,-2.0,21:02:00
237,50260.0,44.0,50250.0,50270.0,-1.0,0.0,32.0,11.0,0.0,1.0,2.0,42.0,-40.0,21:02:00
238,50260.0,30.0,50250.0,50260.0,0.0,-1.0,33.0,5.0,1.0,0.0,24.0,6.0,18.0,21:02:01
239,50260.0,12.0,50250.0,50260.0,0.0,0.0,44.0,3.0,11.0,-2.0,12.0,-0.0,12.0,21:02:01
240,50260.0,8.0,50250.0,50270.0,0.0,1.0,35.0,7.0,-9.0,0.0,8.0,-0.0,8.0,21:02:02
241,50250.0,2.0,50250.0,50260.0,0.0,-1.0,32.0,8.0,-3.0,0.0,0.0,2.0,-2.0,21:02:02
242,50250.0,4.0,50250.0,50260.0,0.0,0.0,28.0,13.0,-4.0,5.0,0.0,4.0,-4.0,21:02:03
243,50260.0,54.0,50250.0,50260.0,0.0,0.0,5.0,18.0,-23.0,5.0,2.0,52.0,-50.0,21:02:03
244,50250.0,12.0,50240.0,50250.0,-1.0,-1.0,18.0,19.0,0.0,0.0,0.0,12.0,-12.0,21:02:04
245,50240.0,8.0,50240.0,50250.0,0.0,0.0,23.0,23.0,5.0,4.0,6.0,2.0,4.0,21:02:04
246,50250.0,16.0,50240.0,50250.0,0.0,0.0,25.0,17.0,2.0,-6.0,12.0,4.0,8.0,21:02:05
247,50250.0,40.0,50250.0,50260.0,1.0,1.0,17.0,15.0,0.0,0.0,40.0,0.0,40.0,21:02:05
248,50260.0,6.0,50250.0,50260.0,0.0,0.0,33.0,6.0,16.0,-9.0,6.0,-0.0,6.0,21:02:06
249,50260.0,24.0,50250.0,50270.0,0.0,1.0,35.0,16.0,2.0,0.0,24.0,-0.0,24.0,21:02:06
250,50260.0,2.0,50250.0,50270.0,0.0,0.0,46.0,13.0,11.0,-3.0,1.0,1.0,0.0,21:02:07
251,50260.0,4.0,50260.0,50270.0,1.0,0.0,6.0,10.0,0.0,-3.0,2.0,2.0,0.0,21:02:07
252,50260.0,0.0,50260.0,50270.0,0.0,0.0,14.0,11.0,8.0,1.0,0.0,-0.0,0.0,21:02:08
253,50270.0,16.0,50260.0,50270.0,0.0,0.0,15.0,8.0,1.0,-3.0,6.0,10.0,-4.0,21:02:08
254,50260.0,2.0,50260.0,50270.0,0.0,0.0,14.0,8.0,-1.0,0.0,0.0,2.0,-2.0,21:02:09
255,50270.0,20.0,50260.0,50270.0,0.0,0.0,10.0,3.0,-4.0,-5.0,20.0,-0.0,20.0,21:02:09
256,50260.0,12.0,50260.0,50270.0,0.0,0.0,8.0,8.0,-2.0,5.0,6.0,6.0,0.0,21:02:10
257,50260.0,20.0,50260.0,50270.0,0.0,0.0,3.0,13.0,-5.0,5.0,0.0,20.0,-20.0,21:02:10
258,50260.0,6.0,50250.0,50260.0,-1.0,-1.0,41.0,25.0,0.0,0.0,0.0,6.0,-6.0,21:02:11
259,50260.0,2.0,50250.0,50260.0,0.0,0.0,41.0,26.0,0.0,1.0,2.0,-0.0,2.0,21:02:11
260,50260.0,2.0,50250.0,50260.0,0.0,0.0,41.0,25.0,0.0,-1.0,2.0,-0.0,2.0,21:02:12
261,50260.0,0.0,50250.0,50260.0,0.0,0.0,49.0,32.0,8.0,7.0,0.0,-0.0,0.0,21:02:12
262,50260.0,20.0,50250.0,50260.0,0.0,0.0,38.0,26.0,-11.0,-6.0,12.0,8.0,4.0,21:02:13
263,50250.0,76.0,50240.0,50250.0,-1.0,-1.0,19.0,14.0,0.0,0.0,0.0,76.0,-76.0,21:02:13
264,50240.0,8.0,50240.0,50250.0,0.0,0.0,18.0,18.0,-1.0,4.0,0.0,8.0,-8.0,21:02:14
265,50250.0,2.0,50240.0,50250.0,0.0,0.0,17.0,19.0,-1.0,1.0,2.0,-0.0,2.0,21:02:14
266,50240.0,6.0,50240.0,50250.0,0.0,0.0,16.0,19.0,-1.0,0.0,0.0,6.0,-6.0,21:02:15
267,50240.0,22.0,50240.0,50250.0,0.0,0.0,5.0,19.0,-11.0,0.0,0.0,22.0,-22.0,21:02:15
268,50230.0,26.0,50230.0,50240.0,-1.0,-1.0,11.0,11.0,0.0,0.0,0.0,26.0,-26.0,21:02:16
269,50230.0,6.0,50230.0,50240.0,0.0,0.0,15.0,15.0,4.0,4.0,0.0,6.0,-6.0,21:02:16
270,50240.0,2.0,50230.0,50240.0,0.0,0.0,15.0,15.0,0.0,0.0,2.0,-0.0,2.0,21:02:17
271,50230.0,6.0,50230.0,50240.0,0.0,0.0,13.0,14.0,-2.0,-1.0,2.0,4.0,-2.0,21:02:17
272,50230.0,20.0,50230.0,50240.0,0.0,0.0,2.0,14.0,-11.0,0.0,0.0,20.0,-20.0,21:02:18
273,50230.0,4.0,50220.0,50230.0,-1.0,-1.0,11.0,9.0,0.0,0.0,0.0,4.0,-4.0,21:02:18
274,50220.0,8.0,50220.0,50230.0,0.0,0.0,17.0,14.0,6.0,5.0,0.0,8.0,-8.0,21:02:19
275,50210.0,56.0,50210.0,50230.0,-1.0,0.0,17.0,14.0,0.0,0.0,0.0,56.0,-56.0,21:02:19
276,50210.0,18.0,50210.0,50230.0,0.0,0.0,23.0,16.0,6.0,2.0,4.0,14.0,-10.0,21:02:20
277,50210.0,20.0,50210.0,50220.0,0.0,-1.0,17.0,1.0,-6.0,0.0,2.0,18.0,-16.0,21:02:20
278,50230.0,6.0,50220.0,50230.0,1.0,1.0,3.0,14.0,0.0,0.0,6.0,0.0,6.0,21:02:21
279,50220.0,8.0,50220.0,50230.0,0.0,0.0,4.0,14.0,1.0,0.0,0.0,8.0,-8.0,21:02:21
280,50210.0,44.0,50200.0,50210.0,-1.0,-1.0,30.0,9.0,0.0,0.0,0.0,44.0,-44.0,21:02:22
281,50210.0,20.0,50210.0,50220.0,1.0,1.0,13.0,8.0,0.0,0.0,20.0,0.0,20.0,21:02:22
282,50220.0,14.0,50210.0,50220.0,0.0,0.0,14.0,2.0,1.0,-6.0,14.0,-0.0,14.0,21:02:23
283,50220.0,4.0,50210.0,50230.0,0.0,1.0,17.0,19.0,3.0,0.0,4.0,-0.0,4.0,21:02:23
284,50210.0,4.0,50210.0,50220.0,0.0,-1.0,16.0,3.0,-1.0,0.0,1.0,3.0,-2.0,21:02:24
285,50220.0,38.0,50210.0,50230.0,0.0,1.0,9.0,22.0,-7.0,0.0,24.0,14.0,10.0,21:02:24
286,50210.0,2.0,50210.0,50230.0,0.0,0.0,12.0,22.0,3.0,0.0,0.0,2.0,-2.0,21:02:25
287,50210.0,18.0,50210.0,50220.0,0.0,-1.0,6.0,1.0,-6.0,0.0,2.0,16.0,-14.0,21:02:25
288,50220.0,10.0,50210.0,50220.0,0.0,0.0,6.0,2.0,0.0,1.0,10.0,-0.0,10.0,21:02:26
289,50210.0,16.0,50200.0,50220.0,-1.0,0.0,35.0,1.0,0.0,-1.0,2.0,14.0,-12.0,21:02:26
290,50210.0,2.0,50210.0,50220.0,1.0,0.0,1.0,4.0,0.0,3.0,1.0,1.0,0.0,21:02:27
291,50210.0,2.0,50200.0,50210.0,-1.0,-1.0,39.0,5.0,0.0,0.0,0.0,2.0,-2.0,21:02:27
292,50210.0,14.0,50200.0,50210.0,0.0,0.0,35.0,11.0,-4.0,6.0,12.0,2.0,10.0,21:02:28
293,50200.0,6.0,50200.0,50210.0,0.0,0.0,34.0,11.0,-1.0,0.0,4.0,2.0,2.0,21:02:28
294,50190.0,98.0,50190.0,50200.0,-1.0,-1.0,3.0,23.0,0.0,0.0,0.0,98.0,-98.0,21:02:29
295,50200.0,48.0,50190.0,50200.0,0.0,0.0,5.0,25.0,2.0,2.0,14.0,34.0,-20.0,21:02:29
296,50200.0,6.0,50180.0,50200.0,-1.0,0.0,14.0,24.0,0.0,-1.0,2.0,4.0,-2.0,21:02:30
297,50200.0,12.0,50180.0,50200.0,0.0,0.0,23.0,23.0,9.0,-1.0,10.0,2.0,8.0,21:02:30
298,50190.0,2.0,50190.0,50200.0,1.0,0.0,7.0,20.0,0.0,-3.0,1.0,1.0,0.0,21:02:31
299,50200.0,42.0,50200.0,50210.0,1.0,1.0,4.0,12.0,0.0,0.0,42.0,0.0,42.0,21:02:31
300,50200.0,0.0,50200.0,50210.0,0.0,0.0,9.0,16.0,5.0,4.0,0.0,-0.0,0.0,21:02:32
301,50200.0,0.0,50200.0,50210.0,0.0,0.0,18.0,13.0,9.0,-3.0,0.0,-0.0,0.0,21:02:32
302,50200.0,30.0,50200.0,50220.0,0.0,1.0,23.0,14.0,5.0,0.0,24.0,6.0,18.0,21:02:33
303,50200.0,2.0,50210.0,50220.0,1.0,0.0,2.0,17.0,0.0,3.0,0.0,2.0,-2.0,21:02:33
304,50220.0,22.0,50210.0,50220.0,0.0,0.0,9.0,14.0,7.0,-3.0,2.0,20.0,-18.0,21:02:34
305,50210.0,4.0,50210.0,50220.0,0.0,0.0,9.0,14.0,0.0,0.0,0.0,4.0,-4.0,21:02:34
306,50210.0,14.0,50210.0,50220.0,0.0,0.0,3.0,14.0,-6.0,0.0,0.0,14.0,-14.0,21:02:35
307,50210.0,8.0,50200.0,50220.0,-1.0,0.0,19.0,14.0,0.0,0.0,2.0,6.0,-4.0,21:02:35
308,50220.0,12.0,50210.0,50220.0,1.0,0.0,1.0,9.0,0.0,-5.0,12.0,-0.0,12.0,21:02:36
309,50220.0,4.0,50210.0,50220.0,0.0,0.0,12.0,14.0,11.0,5.0,2.0,2.0,0.0,21:02:36
310,50210.0,30.0,50210.0,50220.0,0.0,0.0,3.0,11.0,-9.0,-3.0,0.0,30.0,-30.0,21:02:37
311,50210.0,12.0,50200.0,50210.0,-1.0,-1.0,21.0,2.0,0.0,0.0,0.0,12.0,-12.0,21:02:37
312,50220.0,8.0,50210.0,50220.0,1.0,1.0,23.0,9.0,0.0,0.0,8.0,0.0,8.0,21:02:38
313,50210.0,12.0,50210.0,50220.0,0.0,0.0,27.0,4.0,4.0,-5.0,10.0,2.0,8.0,21:02:38
314,50220.0,20.0,50220.0,50230.0,1.0,1.0,4.0,18.0,0.0,0.0,20.0,0.0,20.0,21:02:39
315,50210.0,16.0,50210.0,50220.0,-1.0,-1.0,26.0,1.0,0.0,0.0,0.0,16.0,-16.0,21:02:39
316,50220.0,8.0,50210.0,50220.0,0.0,0.0,28.0,10.0,2.0,9.0,4.0,4.0,0.0,21:02:40
317,50220.0,6.0,50210.0,50220.0,0.0,0.0,24.0,8.0,-4.0,-2.0,6.0,-0.0,6.0,21:02:40
318,50220.0,26.0,50220.0,50230.0,1.0,1.0,1.0,13.0,0.0,0.0,26.0,0.0,26.0,21:02:41
319,50220.0,2.0,50220.0,50230.0,0.0,0.0,3.0,12.0,2.0,-1.0,0.0,2.0,-2.0,21:02:41
320,50220.0,2.0,50220.0,50230.0,0.0,0.0,3.0,12.0,0.0,0.0,0.0,2.0,-2.0,21:02:42
321,50220.0,0.0,50220.0,50230.0,0.0,0.0,6.0,12.0,3.0,0.0,0.0,-0.0,0.0,21:02:42
322,50230.0,14.0,50220.0,50230.0,0.0,0.0,12.0,6.0,6.0,-6.0,12.0,2.0,10.0,21:02:43
323,50230.0,0.0,50220.0,50230.0,0.0,0.0,15.0,6.0,3.0,0.0,0.0,-0.0,0.0,21:02:43
324,50230.0,4.0,50220.0,50230.0,0.0,0.0,16.0,4.0,1.0,-2.0,4.0,-0.0,4.0,21:02:44
325,50230.0,0.0,50220.0,50230.0,0.0,0.0,16.0,4.0,0.0,0.0,0.0,-0.0,0.0,21:02:44
326,50220.0,10.0,50220.0,50230.0,0.0,0.0,15.0,1.0,-1.0,-3.0,6.0,4.0,2.0,21:02:45
327,50230.0,6.0,50220.0,50230.0,0.0,0.0,18.0,2.0,3.0,1.0,4.0,2.0,2.0,21:02:46
328,50220.0,14.0,50220.0,50240.0,0.0,1.0,23.0,13.0,5.0,0.0,14.0,0.0,14.0,21:02:46
329,50220.0,2.0,50230.0,50240.0,1.0,0.0,1.0,16.0,0.0,3.0,0.0,2.0,-2.0,21:02:47
330,50230.0,8.0,50220.0,50230.0,-1.0,-1.0,15.0,28.0,0.0,0.0,0.0,8.0,-8.0,21:02:47
331,50230.0,0.0,50220.0,50230.0,0.0,0.0,15.0,24.0,0.0,-4.0,0.0,-0.0,0.0,21:02:48
332,50230.0,0.0,50220.0,50230.0,0.0,0.0,24.0,24.0,9.0,0.0,0.0,-0.0,0.0,21:02:48
333,50220.0,8.0,50220.0,50230.0,0.0,0.0,25.0,24.0,1.0,0.0,0.0,8.0,-8.0,21:02:49
334,50220.0,4.0,50220.0,50230.0,0.0,0.0,19.0,25.0,-6.0,1.0,0.0,4.0,-4.0,21:02:49
335,50220.0,8.0,50220.0,50230.0,0.0,0.0,15.0,25.0,-4.0,0.0,0.0,8.0,-8.0,21:02:50
336,50220.0,26.0,50210.0,50230.0,-1.0,0.0,22.0,25.0,0.0,0.0,0.0,26.0,-26.0,21:02:50
337,50220.0,14.0,50210.0,50230.0,0.0,0.0,26.0,35.0,4.0,10.0,6.0,8.0,-2.0,21:02:51
338,50220.0,2.0,50210.0,50220.0,0.0,-1.0,9.0,1.0,-17.0,0.0,1.0,1.0,0.0,21:02:51
339,50210.0,14.0,50210.0,50220.0,0.0,0.0,13.0,14.0,4.0,13.0,0.0,14.0,-14.0,21:02:52
340,50210.0,0.0,50210.0,50220.0,0.0,0.0,12.0,18.0,-1.0,4.0,0.0,-0.0,0.0,21:02:52
341,50210.0,0.0,50210.0,50220.0,0.0,0.0,21.0,18.0,9.0,0.0,0.0,-0.0,0.0,21:02:53
342,50210.0,0.0,50210.0,50220.0,0.0,0.0,26.0,12.0,5.0,-6.0,0.0,-0.0,0.0,21:02:53
343,50210.0,14.0,50210.0,50230.0,0.0,1.0,28.0,32.0,2.0,0.0,12.0,2.0,10.0,21:02:54
344,50230.0,4.0,50220.0,50230.0,1.0,0.0,19.0,30.0,0.0,-2.0,4.0,-0.0,4.0,21:02:54
345,50220.0,6.0,50220.0,50230.0,0.0,0.0,28.0,30.0,9.0,0.0,0.0,6.0,-6.0,21:02:55
346,50220.0,0.0,50220.0,50230.0,0.0,0.0,28.0,30.0,0.0,0.0,0.0,-0.0,0.0,21:02:55
347,50220.0,0.0,50220.0,50230.0,0.0,0.0,28.0,30.0,0.0,0.0,0.0,-0.0,0.0,21:02:56
348,50220.0,0.0,50220.0,50230.0,0.0,0.0,23.0,30.0,-5.0,0.0,0.0,-0.0,0.0,21:02:56
349,50220.0,0.0,50220.0,50230.0,0.0,0.0,22.0,30.0,-1.0,0.0,0.0,-0.0,0.0,21:02:57
350,50220.0,20.0,50220.0,50230.0,0.0,0.0,12.0,30.0,-10.0,0.0,0.0,20.0,-20.0,21:02:57
351,50220.0,2.0,50220.0,50230.0,0.0,0.0,14.0,30.0,2.0,0.0,0.0,2.0,-2.0,21:02:58
352,50220.0,2.0,50220.0,50230.0,0.0,0.0,20.0,30.0,6.0,0.0,0.0,2.0,-2.0,21:02:58
353,50230.0,2.0,50220.0,50230.0,0.0,0.0,46.0,28.0,26.0,-2.0,2.0,-0.0,2.0,21:02:59
354,50240.0,56.0,50230.0,50240.0,1.0,1.0,2.0,13.0,0.0,0.0,56.0,0.0,56.0,21:02:59
355,50240.0,24.0,50230.0,50240.0,0.0,0.0,17.0,1.0,15.0,-12.0,24.0,-0.0,24.0,21:03:00
356,50240.0,4.0,50240.0,50250.0,1.0,1.0,6.0,40.0,0.0,0.0,4.0,0.0,4.0,21:03:00
357,50240.0,0.0,50240.0,50250.0,0.0,0.0,18.0,38.0,12.0,-2.0,0.0,-0.0,0.0,21:03:01
358,50240.0,4.0,50240.0,50250.0,0.0,0.0,17.0,38.0,-1.0,0.0,0.0,4.0,-4.0,21:03:01
359,50240.0,0.0,50240.0,50250.0,0.0,0.0,22.0,38.0,5.0,0.0,0.0,-0.0,0.0,21:03:02
360,50250.0,6.0,50240.0,50250.0,0.0,0.0,22.0,35.0,0.0,-3.0,6.0,-0.0,6.0,21:03:03
361,50250.0,2.0,50240.0,50250.0,0.0,0.0,23.0,35.0,1.0,0.0,2.0,-0.0,2.0,21:03:03
362,50250.0,10.0,50240.0,50250.0,0.0,0.0,24.0,31.0,1.0,-4.0,8.0,2.0,6.0,21:03:04
363,50250.0,0.0,50240.0,50250.0,0.0,0.0,21.0,31.0,-3.0,0.0,0.0,-0.0,0.0,21:03:04
364,50240.0,6.0,50240.0,50250.0,0.0,0.0,16.0,31.0,-5.0,0.0,2.0,4.0,-2.0,21:03:05
365,50240.0,0.0,50240.0,50250.0,0.0,0.0,19.0,31.0,3.0,0.0,0.0,-0.0,0.0,21:03:05
366,50250.0,2.0,50240.0,50250.0,0.0,0.0,19.0,30.0,0.0,-1.0,2.0,-0.0,2.0,21:03:06
367,50250.0,4.0,50240.0,50250.0,0.0,0.0,16.0,29.0,-3.0,-1.0,2.0,2.0,0.0,21:03:06
368,50250.0,0.0,50240.0,50250.0,0.0,0.0,16.0,29.0,0.0,0.0,0.0,-0.0,0.0,21:03:07
369,50240.0,2.0,50240.0,50250.0,0.0,0.0,15.0,29.0,-1.0,0.0,0.0,2.0,-2.0,21:03:07
370,50250.0,2.0,50240.0,50250.0,0.0,0.0,15.0,28.0,0.0,-1.0,2.0,-0.0,2.0,21:03:08
371,50250.0,2.0,50240.0,50250.0,0.0,0.0,15.0,27.0,0.0,-1.0,2.0,-0.0,2.0,21:03:08
372,50250.0,0.0,50240.0,50250.0,0.0,0.0,15.0,27.0,0.0,0.0,0.0,-0.0,0.0,21:03:09
373,50250.0,2.0,50240.0,50250.0,0.0,0.0,15.0,23.0,0.0,-4.0,2.0,-0.0,2.0,21:03:10
374,50250.0,0.0,50240.0,50250.0,0.0,0.0,18.0,23.0,3.0,0.0,0.0,-0.0,0.0,21:03:11
375,50250.0,4.0,50240.0,50250.0,0.0,0.0,18.0,21.0,0.0,-2.0,4.0,-0.0,4.0,21:03:11
376,50250.0,0.0,50240.0,50250.0,0.0,0.0,18.0,22.0,0.0,1.0,0.0,-0.0,0.0,21:03:12
377,50250.0,0.0,50240.0,50250.0,0.0,0.0,19.0,22.0,1.0,0.0,0.0,-0.0,0.0,21:03:12
378,50250.0,0.0,50240.0,50250.0,0.0,0.0,23.0,23.0,4.0,1.0,0.0,-0.0,0.0,21:03:13
379,50250.0,0.0,50240.0,50250.0,0.0,0.0,24.0,25.0,1.0,2.0,0.0,-0.0,0.0,21:03:13
380,50250.0,4.0,50240.0,50250.0,0.0,0.0,24.0,23.0,0.0,-2.0,4.0,-0.0,4.0,21:03:14
381,50250.0,6.0,50240.0,50250.0,0.0,0.0,27.0,20.0,3.0,-3.0,6.0,-0.0,6.0,21:03:14
382,50250.0,0.0,50240.0,50250.0,0.0,0.0,27.0,21.0,0.0,1.0,0.0,-0.0,0.0,21:03:15
383,50250.0,4.0,50240.0,50250.0,0.0,0.0,26.0,21.0,-1.0,0.0,2.0,2.0,0.0,21:03:15
384,50250.0,2.0,50240.0,50250.0,0.0,0.0,20.0,21.0,-6.0,0.0,2.0,-0.0,2.0,21:03:16
385,50240.0,6.0,50240.0,50250.0,0.0,0.0,24.0,19.0,4.0,-2.0,4.0,2.0,2.0,21:03:16
386,50240.0,0.0,50240.0,50250.0,0.0,0.0,18.0,21.0,-6.0,2.0,0.0,-0.0,0.0,21:03:17
387,50240.0,4.0,50240.0,50250.0,0.0,0.0,22.0,21.0,4.0,0.0,0.0,4.0,-4.0,21:03:17
388,50240.0,0.0,50240.0,50250.0,0.0,0.0,13.0,21.0,-9.0,0.0,0.0,-0.0,0.0,21:03:18
389,50240.0,0.0,50240.0,50250.0,0.0,0.0,13.0,24.0,0.0,3.0,0.0,-0.0,0.0,21:03:18
390,50250.0,20.0,50240.0,50250.0,0.0,0.0,16.0,11.0,3.0,-13.0,20.0,-0.0,20.0,21:03:19
391,50240.0,6.0,50240.0,50250.0,0.0,0.0,24.0,10.0,8.0,-1.0,2.0,4.0,-2.0,21:03:19
392,50250.0,12.0,50240.0,50250.0,0.0,0.0,23.0,5.0,-1.0,-5.0,10.0,2.0,8.0,21:03:20
393,50250.0,8.0,50250.0,50260.0,1.0,1.0,1.0,19.0,0.0,0.0,8.0,0.0,8.0,21:03:20
394,50250.0,2.0,50250.0,50260.0,0.0,0.0,6.0,31.0,5.0,12.0,0.0,2.0,-2.0,21:03:21
395,50250.0,2.0,50250.0,50260.0,0.0,0.0,5.0,33.0,-1.0,2.0,0.0,2.0,-2.0,21:03:21
396,50250.0,0.0,50250.0,50260.0,0.0,0.0,5.0,33.0,0.0,0.0,0.0,-0.0,0.0,21:03:22
397,50250.0,0.0,50250.0,50260.0,0.0,0.0,5.0,33.0,0.0,0.0,0.0,-0.0,0.0,21:03:22
398,50250.0,0.0,50250.0,50260.0,0.0,0.0,6.0,33.0,1.0,0.0,0.0,-0.0,0.0,21:03:23
399,50250.0,4.0,50250.0,50260.0,0.0,0.0,5.0,32.0,-1.0,-1.0,2.0,2.0,0.0,21:03:23
400,50240.0,48.0,50230.0,50240.0,-1.0,-1.0,28.0,26.0,0.0,0.0,0.0,48.0,-48.0,21:03:24
401,50240.0,12.0,50230.0,50240.0,0.0,0.0,37.0,20.0,9.0,-6.0,12.0,-0.0,12.0,21:03:24
402,50250.0,82.0,50240.0,50250.0,1.0,1.0,20.0,2.0,0.0,0.0,82.0,0.0,82.0,21:03:25
403,50260.0,8.0,50250.0,50260.0,1.0,1.0,38.0,35.0,0.0,0.0,8.0,0.0,8.0,21:03:25
404,50250.0,52.0,50250.0,50260.0,0.0,0.0,33.0,9.0,-5.0,-26.0,48.0,4.0,44.0,21:03:26
405,50260.0,18.0,50260.0,50270.0,1.0,1.0,7.0,21.0,0.0,0.0,18.0,0.0,18.0,21:03:26
406,50270.0,4.0,50260.0,50270.0,0.0,0.0,15.0,17.0,8.0,-4.0,4.0,-0.0,4.0,21:03:27
407,50270.0,2.0,50260.0,50270.0,0.0,0.0,21.0,16.0,6.0,-1.0,2.0,-0.0,2.0,21:03:27
408,50270.0,0.0,50260.0,50270.0,0.0,0.0,26.0,16.0,5.0,0.0,0.0,-0.0,0.0,21:03:28
409,50270.0,0.0,50260.0,50270.0,0.0,0.0,26.0,18.0,0.0,2.0,0.0,-0.0,0.0,21:03:28
410,50270.0,4.0,50260.0,50270.0,0.0,0.0,26.0,17.0,0.0,-1.0,4.0,-0.0,4.0,21:03:29
411,50260.0,2.0,50260.0,50270.0,0.0,0.0,25.0,17.0,-1.0,0.0,0.0,2.0,-2.0,21:03:29
412,50260.0,0.0,50260.0,50270.0,0.0,0.0,25.0,20.0,0.0,3.0,0.0,-0.0,0.0,21:03:30
413,50260.0,0.0,50260.0,50270.0,0.0,0.0,25.0,21.0,0.0,1.0,0.0,-0.0,0.0,21:03:30
414,50260.0,0.0,50260.0,50270.0,0.0,0.0,25.0,21.0,0.0,0.0,0.0,-0.0,0.0,21:03:31
415,50260.0,0.0,50260.0,50270.0,0.0,0.0,25.0,23.0,0.0,2.0,0.0,-0.0,0.0,21:03:31
416,50260.0,0.0,50260.0,50270.0,0.0,0.0,25.0,22.0,0.0,-1.0,0.0,-0.0,0.0,21:03:32
417,50260.0,0.0,50260.0,50270.0,0.0,0.0,25.0,26.0,0.0,4.0,0.0,-0.0,0.0,21:03:33
418,50270.0,2.0,50260.0,50270.0,0.0,0.0,25.0,25.0,0.0,-1.0,2.0,-0.0,2.0,21:03:34
419,50270.0,0.0,50260.0,50270.0,0.0,0.0,25.0,25.0,0.0,0.0,0.0,-0.0,0.0,21:03:34
420,50260.0,2.0,50260.0,50270.0,0.0,0.0,24.0,26.0,-1.0,1.0,0.0,2.0,-2.0,21:03:35
421,50260.0,0.0,50260.0,50270.0,0.0,0.0,24.0,26.0,0.0,0.0,0.0,-0.0,0.0,21:03:35
422,50260.0,4.0,50260.0,50270.0,0.0,0.0,22.0,26.0,-2.0,0.0,0.0,4.0,-4.0,21:03:36
423,50270.0,2.0,50260.0,50270.0,0.0,0.0,18.0,25.0,-4.0,-1.0,2.0,-0.0,2.0,21:03:36
424,50260.0,4.0,50260.0,50270.0,0.0,0.0,18.0,25.0,0.0,0.0,0.0,4.0,-4.0,21:03:37
425,50260.0,2.0,50260.0,50270.0,0.0,0.0,15.0,25.0,-3.0,0.0,0.0,2.0,-2.0,21:03:37
426,50260.0,0.0,50260.0,50270.0,0.0,0.0,15.0,25.0,0.0,0.0,0.0,-0.0,0.0,21:03:38
427,50260.0,0.0,50260.0,50270.0,0.0,0.0,15.0,25.0,0.0,0.0,0.0,-0.0,0.0,21:03:38
428,50260.0,0.0,50260.0,50270.0,0.0,0.0,15.0,25.0,0.0,0.0,0.0,-0.0,0.0,21:03:39
429,50260.0,0.0,50260.0,50270.0,0.0,0.0,15.0,25.0,0.0,0.0,0.0,-0.0,0.0,21:03:39
430,50260.0,2.0,50260.0,50270.0,0.0,0.0,14.0,25.0,-1.0,0.0,0.0,2.0,-2.0,21:03:40
431,50260.0,0.0,50260.0,50270.0,0.0,0.0,14.0,25.0,0.0,0.0,0.0,-0.0,0.0,21:03:41
432,50260.0,0.0,50260.0,50270.0,0.0,0.0,16.0,25.0,2.0,0.0,0.0,-0.0,0.0,21:03:41
433,50260.0,0.0,50260.0,50270.0,0.0,0.0,16.0,25.0,0.0,0.0,0.0,-0.0,0.0,21:03:42
434,50260.0,0.0,50260.0,50270.0,0.0,0.0,16.0,25.0,0.0,0.0,0.0,-0.0,0.0,21:03:42
435,50260.0,0.0,50260.0,50270.0,0.0,0.0,16.0,26.0,0.0,1.0,0.0,-0.0,0.0,21:03:43
436,50270.0,2.0,50260.0,50270.0,0.0,0.0,16.0,25.0,0.0,-1.0,2.0,-0.0,2.0,21:03:43
437,50270.0,0.0,50260.0,50270.0,0.0,0.0,16.0,25.0,0.0,0.0,0.0,-0.0,0.0,21:03:44
438,50270.0,0.0,50260.0,50270.0,0.0,0.0,17.0,25.0,1.0,0.0,0.0,-0.0,0.0,21:03:44
439,50270.0,2.0,50260.0,50270.0,0.0,0.0,20.0,24.0,3.0,-1.0,2.0,-0.0,2.0,21:03:45
440,50270.0,0.0,50260.0,50270.0,0.0,0.0,21.0,24.0,1.0,0.0,0.0,-0.0,0.0,21:03:45
441,50270.0,0.0,50260.0,50270.0,0.0,0.0,21.0,24.0,0.0,0.0,0.0,-0.0,0.0,21:03:46
442,50270.0,0.0,50260.0,50270.0,0.0,0.0,21.0,23.0,0.0,-1.0,0.0,-0.0,0.0,21:03:46
443,50270.0,0.0,50260.0,50270.0,0.0,0.0,21.0,23.0,0.0,0.0,0.0,-0.0,0.0,21:03:47
444,50270.0,0.0,50260.0,50270.0,0.0,0.0,21.0,23.0,0.0,0.0,0.0,-0.0,0.0,21:03:47
445,50270.0,0.0,50260.0,50270.0,0.0,0.0,19.0,23.0,-2.0,0.0,0.0,-0.0,0.0,21:03:48
446,50270.0,0.0,50260.0,50270.0,0.0,0.0,19.0,23.0,0.0,0.0,0.0,-0.0,0.0,21:03:49
447,50270.0,0.0,50260.0,50270.0,0.0,0.0,21.0,23.0,2.0,0.0,0.0,-0.0,0.0,21:03:49
448,50270.0,0.0,50260.0,50270.0,0.0,0.0,21.0,23.0,0.0,0.0,0.0,-0.0,0.0,21:03:50
449,50270.0,0.0,50260.0,50270.0,0.0,0.0,21.0,23.0,0.0,0.0,0.0,-0.0,0.0,21:03:51
450,50270.0,0.0,50260.0,50270.0,0.0,0.0,21.0,23.0,0.0,0.0,0.0,-0.0,0.0,21:03:51
451,50270.0,0.0,50260.0,50270.0,0.0,0.0,21.0,23.0,0.0,0.0,0.0,-0.0,0.0,21:03:52
452,50270.0,4.0,50260.0,50270.0,0.0,0.0,22.0,21.0,1.0,-2.0,4.0,-0.0,4.0,21:03:52
453,50270.0,0.0,50260.0,50270.0,0.0,0.0,22.0,22.0,0.0,1.0,0.0,-0.0,0.0,21:03:53
454,50270.0,0.0,50260.0,50270.0,0.0,0.0,22.0,22.0,0.0,0.0,0.0,-0.0,0.0,21:03:53
455,50270.0,0.0,50260.0,50270.0,0.0,0.0,22.0,22.0,0.0,0.0,0.0,-0.0,0.0,21:03:54
456,50270.0,0.0,50260.0,50270.0,0.0,0.0,22.0,22.0,0.0,0.0,0.0,-0.0,0.0,21:03:54
457,50270.0,0.0,50260.0,50270.0,0.0,0.0,22.0,22.0,0.0,0.0,0.0,-0.0,0.0,21:03:55
458,50270.0,2.0,50260.0,50270.0,0.0,0.0,22.0,21.0,0.0,-1.0,2.0,-0.0,2.0,21:03:56
459,50270.0,6.0,50260.0,50270.0,0.0,0.0,22.0,18.0,0.0,-3.0,6.0,-0.0,6.0,21:03:56
460,50270.0,2.0,50260.0,50270.0,0.0,0.0,22.0,20.0,0.0,2.0,2.0,-0.0,2.0,21:03:57
461,50270.0,0.0,50260.0,50270.0,0.0,0.0,22.0,17.0,0.0,-3.0,0.0,-0.0,0.0,21:03:58
462,50270.0,0.0,50260.0,50270.0,0.0,0.0,21.0,17.0,-1.0,0.0,0.0,-0.0,0.0,21:03:58
463,50270.0,0.0,50260.0,50270.0,0.0,0.0,22.0,20.0,1.0,3.0,0.0,-0.0,0.0,21:03:59
464,50270.0,44.0,50270.0,50280.0,1.0,1.0,12.0,17.0,0.0,0.0,44.0,0.0,44.0,21:03:59
465,50270.0,26.0,50270.0,50280.0,0.0,0.0,16.0,11.0,4.0,-6.0,24.0,2.0,22.0,21:04:00
466,50280.0,6.0,50270.0,50280.0,0.0,0.0,19.0,7.0,3.0,-4.0,6.0,-0.0,6.0,21:04:00
467,50280.0,0.0,50270.0,50280.0,0.0,0.0,19.0,5.0,0.0,-2.0,0.0,-0.0,0.0,21:04:01
468,50280.0,0.0,50270.0,50280.0,0.0,0.0,20.0,8.0,1.0,3.0,0.0,-0.0,0.0,21:04:01
469,50280.0,0.0,50270.0,50280.0,0.0,0.0,17.0,9.0,-3.0,1.0,0.0,-0.0,0.0,21:04:02
470,50280.0,0.0,50270.0,50280.0,0.0,0.0,15.0,9.0,-2.0,0.0,0.0,-0.0,0.0,21:04:02
471,50280.0,2.0,50270.0,50280.0,0.0,0.0,18.0,9.0,3.0,0.0,2.0,-0.0,2.0,21:04:03
472,50280.0,0.0,50270.0,50280.0,0.0,0.0,26.0,7.0,8.0,-2.0,0.0,-0.0,0.0,21:04:03
473,50280.0,6.0,50270.0,50280.0,0.0,0.0,28.0,4.0,2.0,-3.0,6.0,-0.0,6.0,21:04:04
474,50280.0,8.0,50270.0,50280.0,0.0,0.0,28.0,7.0,0.0,3.0,8.0,-0.0,8.0,21:04:04
475,50280.0,0.0,50270.0,50280.0,0.0,0.0,28.0,4.0,0.0,-3.0,0.0,-0.0,0.0,21:04:05
476,50280.0,0.0,50270.0,50280.0,0.0,0.0,28.0,3.0,0.0,-1.0,0.0,-0.0,0.0,21:04:05
477,50280.0,0.0,50280.0,50290.0,1.0,1.0,3.0,28.0,0.0,0.0,0.0,0.0,0.0,21:04:06
478,50280.0,6.0,50280.0,50290.0,0.0,0.0,20.0,33.0,17.0,5.0,0.0,6.0,-6.0,21:04:06
479,50280.0,8.0,50280.0,50290.0,0.0,0.0,18.0,28.0,-2.0,-5.0,0.0,8.0,-8.0,21:04:07
480,50280.0,4.0,50280.0,50290.0,0.0,0.0,16.0,28.0,-2.0,0.0,0.0,4.0,-4.0,21:04:07
481,50280.0,0.0,50280.0,50290.0,0.0,0.0,16.0,28.0,0.0,0.0,0.0,-0.0,0.0,21:04:08
482,50280.0,2.0,50280.0,50290.0,0.0,0.0,15.0,28.0,-1.0,0.0,0.0,2.0,-2.0,21:04:08
483,50280.0,0.0,50280.0,50290.0,0.0,0.0,15.0,29.0,0.0,1.0,0.0,-0.0,0.0,21:04:09
484,50280.0,0.0,50280.0,50290.0,0.0,0.0,15.0,28.0,0.0,-1.0,0.0,-0.0,0.0,21:04:09
485,50290.0,2.0,50280.0,50290.0,0.0,0.0,15.0,27.0,0.0,-1.0,2.0,-0.0,2.0,21:04:10
486,50280.0,2.0,50280.0,50290.0,0.0,0.0,18.0,27.0,3.0,0.0,0.0,2.0,-2.0,21:04:10
487,50280.0,0.0,50280.0,50290.0,0.0,0.0,20.0,27.0,2.0,0.0,0.0,-0.0,0.0,21:04:11
488,50290.0,10.0,50280.0,50290.0,0.0,0.0,20.0,22.0,0.0,-5.0,10.0,-0.0,10.0,21:04:12
489,50290.0,0.0,50280.0,50290.0,0.0,0.0,22.0,27.0,2.0,5.0,0.0,-0.0,0.0,21:04:12
490,50290.0,0.0,50280.0,50290.0,0.0,0.0,22.0,27.0,0.0,0.0,0.0,-0.0,0.0,21:04:13
491,50280.0,2.0,50280.0,50290.0,0.0,0.0,26.0,27.0,4.0,0.0,0.0,2.0,-2.0,21:04:13
492,50290.0,4.0,50280.0,50290.0,0.0,0.0,27.0,25.0,1.0,-2.0,4.0,-0.0,4.0,21:04:14
493,50290.0,6.0,50280.0,50290.0,0.0,0.0,28.0,22.0,1.0,-3.0,6.0,-0.0,6.0,21:04:14
494,50290.0,4.0,50280.0,50290.0,0.0,0.0,29.0,21.0,1.0,-1.0,4.0,-0.0,4.0,21:04:15
495,50290.0,0.0,50280.0,50290.0,0.0,0.0,30.0,19.0,1.0,-2.0,0.0,-0.0,0.0,21:04:15
496,50290.0,0.0,50280.0,50290.0,0.0,0.0,31.0,19.0,1.0,0.0,0.0,-0.0,0.0,21:04:16
497,50290.0,0.0,50280.0,50290.0,0.0,0.0,31.0,20.0,0.0,1.0,0.0,-0.0,0.0,21:04:17
498,50280.0,100.0,50280.0,50290.0,0.0,0.0,1.0,38.0,-30.0,18.0,0.0,100.0,-100.0,21:04:18
499,50280.0,2.0,50270.0,50280.0,-1.0,-1.0,29.0,62.0,0.0,0.0,0.0,2.0,-2.0,21:04:18
500,50280.0,0.0,50270.0,50280.0,0.0,0.0,32.0,63.0,3.0,1.0,0.0,-0.0,0.0,21:04:19
501,50280.0,0.0,50270.0,50280.0,0.0,0.0,32.0,64.0,0.0,1.0,0.0,-0.0,0.0,21:04:19
502,50280.0,4.0,50270.0,50280.0,0.0,0.0,32.0,62.0,0.0,-2.0,4.0,-0.0,4.0,21:04:20
503,50280.0,0.0,50270.0,50280.0,0.0,0.0,32.0,64.0,0.0,2.0,0.0,-0.0,0.0,21:04:20
504,50280.0,2.0,50270.0,50280.0,0.0,0.0,32.0,62.0,0.0,-2.0,2.0,-0.0,2.0,21:04:21
505,50280.0,0.0,50270.0,50280.0,0.0,0.0,32.0,62.0,0.0,0.0,0.0,-0.0,0.0,21:04:21
506,50270.0,2.0,50270.0,50280.0,0.0,0.0,31.0,62.0,-1.0,0.0,0.0,2.0,-2.0,21:04:22
507,50280.0,20.0,50270.0,50280.0,0.0,0.0,21.0,54.0,-10.0,-8.0,20.0,-0.0,20.0,21:04:22
508,50270.0,2.0,50270.0,50280.0,0.0,0.0,20.0,55.0,-1.0,1.0,0.0,2.0,-2.0,21:04:23
509,50280.0,2.0,50270.0,50280.0,0.0,0.0,20.0,54.0,0.0,-1.0,2.0,-0.0,2.0,21:04:24
510,50280.0,0.0,50270.0,50280.0,0.0,0.0,24.0,54.0,4.0,0.0,0.0,-0.0,0.0,21:04:24
511,50280.0,0.0,50270.0,50280.0,0.0,0.0,25.0,54.0,1.0,0.0,0.0,-0.0,0.0,21:04:25
512,50280.0,0.0,50270.0,50280.0,0.0,0.0,22.0,55.0,-3.0,1.0,0.0,-0.0,0.0,21:04:25
513,50280.0,0.0,50270.0,50280.0,0.0,0.0,21.0,56.0,-1.0,1.0,0.0,-0.0,0.0,21:04:26
514,50280.0,0.0,50270.0,50280.0,0.0,0.0,21.0,52.0,0.0,-4.0,0.0,-0.0,0.0,21:04:26
515,50270.0,14.0,50270.0,50280.0,0.0,0.0,14.0,52.0,-7.0,0.0,0.0,14.0,-14.0,21:04:27
516,50270.0,40.0,50270.0,50280.0,0.0,0.0,1.0,52.0,-13.0,0.0,0.0,40.0,-40.0,21:04:27
517,50270.0,2.0,50260.0,50270.0,-1.0,-1.0,19.0,35.0,0.0,0.0,0.0,2.0,-2.0,21:04:28
518,50270.0,0.0,50260.0,50270.0,0.0,0.0,22.0,36.0,3.0,1.0,0.0,-0.0,0.0,21:04:28
519,50270.0,0.0,50260.0,50270.0,0.0,0.0,22.0,36.0,0.0,0.0,0.0,-0.0,0.0,21:04:29
520,50270.0,0.0,50260.0,50270.0,0.0,0.0,18.0,35.0,-4.0,-1.0,0.0,-0.0,0.0,21:04:29
521,50270.0,6.0,50260.0,50270.0,0.0,0.0,20.0,32.0,2.0,-3.0,6.0,-0.0,6.0,21:04:30
522,50270.0,4.0,50260.0,50270.0,0.0,0.0,20.0,29.0,0.0,-3.0,4.0,-0.0,4.0,21:04:30
523,50270.0,4.0,50260.0,50270.0,0.0,0.0,23.0,27.0,3.0,-2.0,4.0,-0.0,4.0,21:04:31
524,50270.0,0.0,50260.0,50270.0,0.0,0.0,35.0,27.0,12.0,0.0,0.0,-0.0,0.0,21:04:31
525,50270.0,4.0,50260.0,50270.0,0.0,0.0,24.0,25.0,-11.0,-2.0,4.0,-0.0,4.0,21:04:32
526,50270.0,0.0,50260.0,50270.0,0.0,0.0,29.0,25.0,5.0,0.0,0.0,-0.0,0.0,21:04:32
527,50270.0,0.0,50260.0,50270.0,0.0,0.0,29.0,25.0,0.0,0.0,0.0,-0.0,0.0,21:04:33
528,50270.0,4.0,50260.0,50270.0,0.0,0.0,28.0,24.0,-1.0,-1.0,2.0,2.0,0.0,21:04:33
529,50270.0,0.0,50260.0,50270.0,0.0,0.0,28.0,24.0,0.0,0.0,0.0,-0.0,0.0,21:04:34
530,50270.0,2.0,50260.0,50270.0,0.0,0.0,28.0,23.0,0.0,-1.0,2.0,-0.0,2.0,21:04:34
531,50270.0,0.0,50260.0,50270.0,0.0,0.0,28.0,23.0,0.0,0.0,0.0,-0.0,0.0,21:04:35
532,50270.0,22.0,50260.0,50270.0,0.0,0.0,28.0,12.0,0.0,-11.0,22.0,-0.0,22.0,21:04:35
533,50270.0,4.0,50260.0,50270.0,0.0,0.0,28.0,1.0,0.0,-11.0,4.0,-0.0,4.0,21:04:36
534,50270.0,2.0,50270.0,50280.0,1.0,1.0,6.0,34.0,0.0,0.0,2.0,0.0,2.0,21:04:36
535,50270.0,12.0,50270.0,50280.0,0.0,0.0,5.0,38.0,-1.0,4.0,0.0,12.0,-12.0,21:04:37
536,50270.0,18.0,50270.0,50280.0,0.0,0.0,7.0,35.0,2.0,-3.0,0.0,18.0,-18.0,21:04:37
537,50270.0,14.0,50260.0,50280.0,-1.0,0.0,28.0,35.0,0.0,0.0,0.0,14.0,-14.0,21:04:38
538,50270.0,0.0,50260.0,50280.0,0.0,0.0,35.0,35.0,7.0,0.0,0.0,-0.0,0.0,21:04:38
539,50260.0,4.0,50260.0,50280.0,0.0,0.0,25.0,33.0,-10.0,-2.0,0.0,4.0,-4.0,21:04:39
540,50260.0,0.0,50260.0,50270.0,0.0,-1.0,24.0,2.0,-1.0,0.0,0.0,-0.0,0.0,21:04:39
541,50260.0,0.0,50260.0,50270.0,0.0,0.0,26.0,6.0,2.0,4.0,0.0,-0.0,0.0,21:04:40
542,50270.0,4.0,50260.0,50270.0,0.0,0.0,26.0,8.0,0.0,2.0,4.0,-0.0,4.0,21:04:40
543,50270.0,0.0,50260.0,50270.0,0.0,0.0,23.0,8.0,-3.0,0.0,0.0,-0.0,0.0,21:04:41
544,50270.0,0.0,50260.0,50270.0,0.0,0.0,23.0,7.0,0.0,-1.0,0.0,-0.0,0.0,21:04:41
545,50260.0,2.0,50260.0,50270.0,0.0,0.0,22.0,7.0,-1.0,0.0,0.0,2.0,-2.0,21:04:42
546,50270.0,2.0,50260.0,50270.0,0.0,0.0,22.0,8.0,0.0,1.0,2.0,-0.0,2.0,21:04:42
547,50260.0,2.0,50260.0,50270.0,0.0,0.0,21.0,8.0,-1.0,0.0,0.0,2.0,-2.0,21:04:43
548,50270.0,2.0,50260.0,50270.0,0.0,0.0,19.0,16.0,-2.0,8.0,2.0,-0.0,2.0,21:04:43
549,50270.0,2.0,50260.0,50270.0,0.0,0.0,19.0,15.0,0.0,-1.0,2.0,-0.0,2.0,21:04:44
550,50270.0,0.0,50260.0,50270.0,0.0,0.0,20.0,15.0,1.0,0.0,0.0,-0.0,0.0,21:04:44
551,50270.0,2.0,50260.0,50270.0,0.0,0.0,68.0,6.0,48.0,-9.0,2.0,-0.0,2.0,21:04:45
552,50270.0,12.0,50270.0,50280.0,1.0,1.0,70.0,33.0,0.0,0.0,12.0,0.0,12.0,21:04:45
553,50280.0,30.0,50270.0,50280.0,0.0,0.0,78.0,16.0,8.0,-17.0,30.0,-0.0,30.0,21:04:46
554,50290.0,48.0,50280.0,50290.0,1.0,1.0,35.0,19.0,0.0,0.0,48.0,0.0,48.0,21:04:46
555,50300.0,38.0,50290.0,50300.0,1.0,1.0,5.0,24.0,0.0,0.0,38.0,0.0,38.0,21:04:47
556,50290.0,22.0,50290.0,50300.0,0.0,0.0,12.0,18.0,7.0,-6.0,14.0,8.0,6.0,21:04:47
557,50290.0,8.0,50290.0,50300.0,0.0,0.0,12.0,17.0,0.0,-1.0,6.0,2.0,4.0,21:04:48
558,50300.0,12.0,50290.0,50300.0,0.0,0.0,13.0,12.0,1.0,-5.0,10.0,2.0,8.0,21:04:48
559,50300.0,10.0,50290.0,50300.0,0.0,0.0,13.0,7.0,0.0,-5.0,10.0,-0.0,10.0,21:04:49
560,50300.0,4.0,50290.0,50300.0,0.0,0.0,16.0,5.0,3.0,-2.0,4.0,-0.0,4.0,21:04:49
561,50290.0,2.0,50290.0,50300.0,0.0,0.0,17.0,6.0,1.0,1.0,0.0,2.0,-2.0,21:04:50
562,50290.0,18.0,50290.0,50300.0,0.0,0.0,1.0,17.0,-16.0,11.0,0.0,18.0,-18.0,21:04:50
563,50290.0,14.0,50280.0,50290.0,-1.0,-1.0,33.0,2.0,0.0,0.0,0.0,14.0,-14.0,21:04:51
564,50290.0,0.0,50280.0,50290.0,0.0,0.0,32.0,2.0,-1.0,0.0,0.0,-0.0,0.0,21:04:51
565,50290.0,0.0,50280.0,50290.0,0.0,0.0,31.0,4.0,-1.0,2.0,0.0,-0.0,0.0,21:04:52
566,50290.0,2.0,50280.0,50290.0,0.0,0.0,38.0,6.0,7.0,2.0,2.0,-0.0,2.0,21:04:52
567,50290.0,0.0,50280.0,50290.0,0.0,0.0,31.0,5.0,-7.0,-1.0,0.0,-0.0,0.0,21:04:53
568,50290.0,0.0,50280.0,50290.0,0.0,0.0,31.0,7.0,0.0,2.0,0.0,-0.0,0.0,21:04:53
569,50290.0,0.0,50280.0,50290.0,0.0,0.0,5.0,7.0,-26.0,0.0,0.0,-0.0,0.0,21:04:54
570,50290.0,0.0,50280.0,50290.0,0.0,0.0,6.0,11.0,1.0,4.0,0.0,-0.0,0.0,21:04:55
571,50290.0,0.0,50280.0,50290.0,0.0,0.0,9.0,11.0,3.0,0.0,0.0,-0.0,0.0,21:04:55
572,50290.0,0.0,50280.0,50290.0,0.0,0.0,9.0,12.0,0.0,1.0,0.0,-0.0,0.0,21:04:57
573,50290.0,0.0,50280.0,50290.0,0.0,0.0,9.0,13.0,0.0,1.0,0.0,-0.0,0.0,21:04:57
574,50290.0,0.0,50280.0,50290.0,0.0,0.0,9.0,13.0,0.0,0.0,0.0,-0.0,0.0,21:04:58
575,50290.0,14.0,50280.0,50290.0,0.0,0.0,19.0,6.0,10.0,-7.0,14.0,-0.0,14.0,21:04:58
576,50290.0,0.0,50280.0,50290.0,0.0,0.0,17.0,2.0,-2.0,-4.0,0.0,-0.0,0.0,21:04:59
577,50290.0,6.0,50290.0,50300.0,1.0,1.0,2.0,23.0,0.0,0.0,6.0,0.0,6.0,21:04:59
578,50290.0,0.0,50290.0,50300.0,0.0,0.0,5.0,26.0,3.0,3.0,0.0,-0.0,0.0,21:05:00
579,50290.0,4.0,50280.0,50290.0,-1.0,-1.0,20.0,4.0,0.0,0.0,0.0,4.0,-4.0,21:05:00
580,50290.0,0.0,50280.0,50290.0,0.0,0.0,20.0,6.0,0.0,2.0,0.0,-0.0,0.0,21:05:01
581,50290.0,4.0,50280.0,50290.0,0.0,0.0,20.0,4.0,0.0,-2.0,4.0,-0.0,4.0,21:05:01
582,50280.0,2.0,50280.0,50290.0,0.0,0.0,19.0,5.0,-1.0,1.0,0.0,2.0,-2.0,21:05:02
583,50290.0,6.0,50280.0,50290.0,0.0,0.0,18.0,10.0,-1.0,5.0,4.0,2.0,2.0,21:05:03
584,50290.0,6.0,50280.0,50290.0,0.0,0.0,17.0,9.0,-1.0,-1.0,2.0,4.0,-2.0,21:05:03
585,50290.0,0.0,50280.0,50290.0,0.0,0.0,17.0,9.0,0.0,0.0,0.0,-0.0,0.0,21:05:04
586,50290.0,0.0,50280.0,50290.0,0.0,0.0,17.0,10.0,0.0,1.0,0.0,-0.0,0.0,21:05:04
587,50290.0,2.0,50280.0,50290.0,0.0,0.0,17.0,9.0,0.0,-1.0,2.0,-0.0,2.0,21:05:05
588,50290.0,2.0,50280.0,50290.0,0.0,0.0,17.0,8.0,0.0,-1.0,2.0,-0.0,2.0,21:05:05
589,50290.0,4.0,50280.0,50290.0,0.0,0.0,17.0,6.0,0.0,-2.0,4.0,-0.0,4.0,21:05:06
590,50290.0,0.0,50280.0,50290.0,0.0,0.0,17.0,6.0,0.0,0.0,0.0,-0.0,0.0,21:05:07
591,50280.0,4.0,50280.0,50290.0,0.0,0.0,18.0,7.0,1.0,1.0,0.0,4.0,-4.0,21:05:07
592,50290.0,8.0,50280.0,50290.0,0.0,0.0,18.0,3.0,0.0,-4.0,8.0,-0.0,8.0,21:05:08
593,50290.0,0.0,50280.0,50290.0,0.0,0.0,19.0,3.0,1.0,0.0,0.0,-0.0,0.0,21:05:08
594,50280.0,6.0,50280.0,50290.0,0.0,0.0,15.0,5.0,-4.0,2.0,0.0,6.0,-6.0,21:05:09
595,50280.0,4.0,50280.0,50290.0,0.0,0.0,21.0,5.0,6.0,0.0,0.0,4.0,-4.0,21:05:09
596,50290.0,8.0,50280.0,50290.0,0.0,0.0,18.0,4.0,-3.0,-1.0,2.0,6.0,-4.0,21:05:10
597,50290.0,0.0,50280.0,50290.0,0.0,0.0,18.0,4.0,0.0,0.0,0.0,-0.0,0.0,21:05:10
598,50290.0,8.0,50290.0,50300.0,1.0,1.0,1.0,29.0,0.0,0.0,8.0,0.0,8.0,21:05:11
599,50290.0,0.0,50290.0,50300.0,0.0,0.0,2.0,29.0,1.0,0.0,0.0,-0.0,0.0,21:05:12
600,50290.0,4.0,50280.0,50290.0,-1.0,-1.0,18.0,3.0,0.0,0.0,0.0,4.0,-4.0,21:05:12
601,50290.0,6.0,50290.0,50300.0,1.0,1.0,25.0,24.0,0.0,0.0,6.0,0.0,6.0,21:05:13
602,50290.0,6.0,50290.0,50300.0,0.0,0.0,23.0,16.0,-2.0,-8.0,0.0,6.0,-6.0,21:05:13
603,50290.0,0.0,50290.0,50300.0,0.0,0.0,25.0,22.0,2.0,6.0,0.0,-0.0,0.0,21:05:14
604,50290.0,0.0,50290.0,50300.0,0.0,0.0,25.0,22.0,0.0,0.0,0.0,-0.0,0.0,21:05:14
605,50290.0,0.0,50290.0,50300.0,0.0,0.0,23.0,22.0,-2.0,0.0,0.0,-0.0,0.0,21:05:15
606,50290.0,0.0,50290.0,50300.0,0.0,0.0,23.0,22.0,0.0,0.0,0.0,-0.0,0.0,21:05:15
607,50290.0,8.0,50290.0,50300.0,0.0,0.0,21.0,20.0,-2.0,-2.0,4.0,4.0,0.0,21:05:16
608,50290.0,0.0,50290.0,50300.0,0.0,0.0,21.0,26.0,0.0,6.0,0.0,-0.0,0.0,21:05:16
609,50290.0,0.0,50290.0,50300.0,0.0,0.0,22.0,26.0,1.0,0.0,0.0,-0.0,0.0,21:05:17
610,50290.0,0.0,50290.0,50300.0,0.0,0.0,22.0,26.0,0.0,0.0,0.0,-0.0,0.0,21:05:17
611,50300.0,4.0,50290.0,50300.0,0.0,0.0,22.0,25.0,0.0,-1.0,4.0,-0.0,4.0,21:05:18
612,50300.0,0.0,50290.0,50300.0,0.0,0.0,22.0,25.0,0.0,0.0,0.0,-0.0,0.0,21:05:18
613,50300.0,8.0,50290.0,50300.0,0.0,0.0,22.0,21.0,0.0,-4.0,8.0,-0.0,8.0,21:05:19
614,50300.0,2.0,50290.0,50300.0,0.0,0.0,24.0,20.0,2.0,-1.0,2.0,-0.0,2.0,21:05:19
615,50300.0,0.0,50290.0,50300.0,0.0,0.0,25.0,14.0,1.0,-6.0,0.0,-0.0,0.0,21:05:20
616,50290.0,4.0,50290.0,50300.0,0.0,0.0,26.0,17.0,1.0,3.0,2.0,2.0,0.0,21:05:20
617,50300.0,2.0,50290.0,50300.0,0.0,0.0,22.0,16.0,-4.0,-1.0,2.0,-0.0,2.0,21:05:21
618,50300.0,10.0,50290.0,50300.0,0.0,0.0,23.0,11.0,1.0,-5.0,10.0,-0.0,10.0,21:05:21
619,50300.0,0.0,50290.0,50300.0,0.0,0.0,23.0,11.0,0.0,0.0,0.0,-0.0,0.0,21:05:22
620,50300.0,0.0,50290.0,50300.0,0.0,0.0,23.0,11.0,0.0,0.0,0.0,-0.0,0.0,21:05:23
621,50300.0,2.0,50290.0,50300.0,0.0,0.0,40.0,10.0,17.0,-1.0,2.0,-0.0,2.0,21:05:23
622,50290.0,2.0,50290.0,50300.0,0.0,0.0,24.0,10.0,-16.0,0.0,0.0,2.0,-2.0,21:05:24
623,50290.0,2.0,50290.0,50300.0,0.0,0.0,24.0,10.0,0.0,0.0,0.0,2.0,-2.0,21:05:25
624,50300.0,2.0,50290.0,50300.0,0.0,0.0,24.0,11.0,0.0,1.0,2.0,-0.0,2.0,21:05:26
625,50300.0,0.0,50290.0,50300.0,0.0,0.0,24.0,11.0,0.0,0.0,0.0,-0.0,0.0,21:05:26
626,50300.0,0.0,50290.0,50300.0,0.0,0.0,24.0,11.0,0.0,0.0,0.0,-0.0,0.0,21:05:27
627,50300.0,0.0,50290.0,50300.0,0.0,0.0,24.0,12.0,0.0,1.0,0.0,-0.0,0.0,21:05:27
628,50300.0,0.0,50290.0,50300.0,0.0,0.0,24.0,12.0,0.0,0.0,0.0,-0.0,0.0,21:05:28
629,50300.0,0.0,50290.0,50300.0,0.0,0.0,24.0,12.0,0.0,0.0,0.0,-0.0,0.0,21:05:29
630,50300.0,10.0,50290.0,50300.0,0.0,0.0,21.0,9.0,-3.0,-3.0,6.0,4.0,2.0,21:05:30
631,50300.0,6.0,50290.0,50300.0,0.0,0.0,20.0,12.0,-1.0,3.0,6.0,-0.0,6.0,21:05:30
632,50300.0,0.0,50290.0,50300.0,0.0,0.0,20.0,10.0,0.0,-2.0,0.0,-0.0,0.0,21:05:31
633,50300.0,0.0,50290.0,50300.0,0.0,0.0,20.0,5.0,0.0,-5.0,0.0,-0.0,0.0,21:05:31
634,50300.0,10.0,50300.0,50310.0,1.0,1.0,2.0,19.0,0.0,0.0,10.0,0.0,10.0,21:05:32
635,50300.0,6.0,50290.0,50310.0,-1.0,0.0,19.0,22.0,0.0,3.0,2.0,4.0,-2.0,21:05:32
636,50310.0,6.0,50300.0,50310.0,1.0,0.0,6.0,19.0,0.0,-3.0,6.0,-0.0,6.0,21:05:33
637,50290.0,12.0,50290.0,50310.0,-1.0,0.0,18.0,20.0,0.0,1.0,0.0,12.0,-12.0,21:05:33
638,50310.0,6.0,50300.0,50310.0,1.0,0.0,1.0,16.0,0.0,-4.0,6.0,-0.0,6.0,21:05:34
639,50310.0,0.0,50300.0,50310.0,0.0,0.0,4.0,18.0,3.0,2.0,0.0,-0.0,0.0,21:05:34
640,50300.0,16.0,50290.0,50300.0,-1.0,-1.0,18.0,1.0,0.0,0.0,0.0,16.0,-16.0,21:05:35
641,50300.0,0.0,50290.0,50300.0,0.0,0.0,21.0,1.0,3.0,0.0,0.0,-0.0,0.0,21:05:35
642,50300.0,4.0,50290.0,50310.0,0.0,1.0,21.0,16.0,0.0,0.0,4.0,-0.0,4.0,21:05:36
643,50300.0,0.0,50290.0,50310.0,0.0,0.0,19.0,17.0,-2.0,1.0,0.0,-0.0,0.0,21:05:36
644,50300.0,4.0,50290.0,50310.0,0.0,0.0,20.0,21.0,1.0,4.0,3.0,1.0,2.0,21:05:37
645,50300.0,0.0,50290.0,50300.0,0.0,-1.0,20.0,4.0,0.0,0.0,0.0,-0.0,0.0,21:05:37
646,50290.0,6.0,50290.0,50300.0,0.0,0.0,21.0,5.0,1.0,1.0,4.0,2.0,2.0,21:05:38
647,50300.0,2.0,50290.0,50300.0,0.0,0.0,21.0,8.0,0.0,3.0,2.0,-0.0,2.0,21:05:38
648,50300.0,2.0,50290.0,50300.0,0.0,0.0,20.0,27.0,-1.0,19.0,2.0,-0.0,2.0,21:05:39
649,50300.0,0.0,50290.0,50300.0,0.0,0.0,21.0,28.0,1.0,1.0,0.0,-0.0,0.0,21:05:39
650,50300.0,2.0,50290.0,50300.0,0.0,0.0,19.0,28.0,-2.0,0.0,2.0,-0.0,2.0,21:05:40
651,50300.0,2.0,50290.0,50300.0,0.0,0.0,19.0,27.0,0.0,-1.0,2.0,-0.0,2.0,21:05:40
652,50300.0,0.0,50290.0,50300.0,0.0,0.0,19.0,26.0,0.0,-1.0,0.0,-0.0,0.0,21:05:41
653,50300.0,0.0,50290.0,50300.0,0.0,0.0,19.0,25.0,0.0,-1.0,0.0,-0.0,0.0,21:05:41
654,50300.0,4.0,50290.0,50300.0,0.0,0.0,19.0,23.0,0.0,-2.0,4.0,-0.0,4.0,21:05:42
655,50300.0,0.0,50290.0,50300.0,0.0,0.0,19.0,21.0,0.0,-2.0,0.0,-0.0,0.0,21:05:42
656,50300.0,30.0,50290.0,50300.0,0.0,0.0,9.0,16.0,-10.0,-5.0,10.0,20.0,-10.0,21:05:43
657,50300.0,0.0,50290.0,50300.0,0.0,0.0,9.0,20.0,0.0,4.0,0.0,-0.0,0.0,21:05:43
658,50300.0,0.0,50290.0,50300.0,0.0,0.0,12.0,19.0,3.0,-1.0,0.0,-0.0,0.0,21:05:44
659,50300.0,2.0,50290.0,50300.0,0.0,0.0,31.0,18.0,19.0,-1.0,2.0,-0.0,2.0,21:05:44
660,50300.0,0.0,50290.0,50300.0,0.0,0.0,32.0,19.0,1.0,1.0,0.0,-0.0,0.0,21:05:45
661,50300.0,0.0,50290.0,50300.0,0.0,0.0,32.0,19.0,0.0,0.0,0.0,-0.0,0.0,21:05:45
662,50300.0,0.0,50290.0,50300.0,0.0,0.0,29.0,19.0,-3.0,0.0,0.0,-0.0,0.0,21:05:46
663,50300.0,0.0,50290.0,50300.0,0.0,0.0,24.0,20.0,-5.0,1.0,0.0,-0.0,0.0,21:05:46
664,50300.0,0.0,50290.0,50300.0,0.0,0.0,19.0,20.0,-5.0,0.0,0.0,-0.0,0.0,21:05:47
665,50300.0,0.0,50290.0,50300.0,0.0,0.0,11.0,20.0,-8.0,0.0,0.0,-0.0,0.0,21:05:47
666,50300.0,0.0,50290.0,50300.0,0.0,0.0,9.0,20.0,-2.0,0.0,0.0,-0.0,0.0,21:05:48
667,50300.0,0.0,50290.0,50300.0,0.0,0.0,9.0,24.0,0.0,4.0,0.0,-0.0,0.0,21:05:48
668,50300.0,0.0,50290.0,50300.0,0.0,0.0,16.0,24.0,7.0,0.0,0.0,-0.0,0.0,21:05:49
669,50300.0,2.0,50290.0,50300.0,0.0,0.0,18.0,22.0,2.0,-2.0,2.0,-0.0,2.0,21:05:50
670,50300.0,0.0,50290.0,50300.0,0.0,0.0,18.0,23.0,0.0,1.0,0.0,-0.0,0.0,21:05:50
671,50300.0,0.0,50290.0,50300.0,0.0,0.0,18.0,25.0,0.0,2.0,0.0,-0.0,0.0,21:05:51
672,50300.0,0.0,50290.0,50300.0,0.0,0.0,18.0,25.0,0.0,0.0,0.0,-0.0,0.0,21:05:51
673,50300.0,0.0,50290.0,50300.0,0.0,0.0,18.0,26.0,0.0,1.0,0.0,-0.0,0.0,21:05:52
674,50300.0,0.0,50290.0,50300.0,0.0,0.0,18.0,26.0,0.0,0.0,0.0,-0.0,0.0,21:05:52
675,50290.0,2.0,50290.0,50300.0,0.0,0.0,17.0,27.0,-1.0,1.0,0.0,2.0,-2.0,21:05:53
676,50290.0,0.0,50290.0,50300.0,0.0,0.0,15.0,27.0,-2.0,0.0,0.0,-0.0,0.0,21:05:53
677,50290.0,0.0,50290.0,50300.0,0.0,0.0,15.0,28.0,0.0,1.0,0.0,-0.0,0.0,21:05:54
678,50300.0,12.0,50290.0,50300.0,0.0,0.0,14.0,24.0,-1.0,-4.0,10.0,2.0,8.0,21:05:56
679,50300.0,0.0,50290.0,50300.0,0.0,0.0,18.0,24.0,4.0,0.0,0.0,-0.0,0.0,21:05:57
680,50300.0,0.0,50290.0,50300.0,0.0,0.0,20.0,24.0,2.0,0.0,0.0,-0.0,0.0,21:05:58
681,50300.0,0.0,50290.0,50300.0,0.0,0.0,20.0,24.0,0.0,0.0,0.0,-0.0,0.0,21:05:58
682,50290.0,2.0,50290.0,50300.0,0.0,0.0,20.0,24.0,0.0,0.0,0.0,2.0,-2.0,21:05:59
683,50300.0,10.0,50290.0,50300.0,0.0,0.0,20.0,19.0,0.0,-5.0,10.0,-0.0,10.0,21:06:00
684,50300.0,0.0,50290.0,50300.0,0.0,0.0,20.0,20.0,0.0,1.0,0.0,-0.0,0.0,21:06:00
685,50300.0,12.0,50290.0,50300.0,0.0,0.0,20.0,14.0,0.0,-6.0,12.0,-0.0,12.0,21:06:01
686,50300.0,0.0,50290.0,50300.0,0.0,0.0,20.0,14.0,0.0,0.0,0.0,-0.0,0.0,21:06:02
687,50300.0,0.0,50290.0,50300.0,0.0,0.0,20.0,14.0,0.0,0.0,0.0,-0.0,0.0,21:06:02
688,50300.0,0.0,50290.0,50300.0,0.0,0.0,52.0,14.0,32.0,0.0,0.0,-0.0,0.0,21:06:03
689,50300.0,30.0,50300.0,50310.0,1.0,1.0,1.0,42.0,0.0,0.0,30.0,0.0,30.0,21:06:03
690,50300.0,0.0,50300.0,50310.0,0.0,0.0,19.0,42.0,18.0,0.0,0.0,-0.0,0.0,21:06:04
691,50300.0,0.0,50300.0,50310.0,0.0,0.0,19.0,44.0,0.0,2.0,0.0,-0.0,0.0,21:06:04
692,50300.0,0.0,50300.0,50310.0,0.0,0.0,19.0,44.0,0.0,0.0,0.0,-0.0,0.0,21:06:05
693,50300.0,0.0,50300.0,50310.0,0.0,0.0,19.0,44.0,0.0,0.0,0.0,-0.0,0.0,21:06:06
694,50310.0,2.0,50300.0,50310.0,0.0,0.0,19.0,44.0,0.0,0.0,2.0,-0.0,2.0,21:06:07
695,50310.0,0.0,50300.0,50310.0,0.0,0.0,19.0,44.0,0.0,0.0,0.0,-0.0,0.0,21:06:08
696,50310.0,0.0,50300.0,50310.0,0.0,0.0,14.0,44.0,-5.0,0.0,0.0,-0.0,0.0,21:06:08
697,50310.0,8.0,50300.0,50310.0,0.0,0.0,15.0,40.0,1.0,-4.0,8.0,-0.0,8.0,21:06:09
698,50310.0,0.0,50300.0,50310.0,0.0,0.0,12.0,40.0,-3.0,0.0,0.0,-0.0,0.0,21:06:09
699,50300.0,2.0,50300.0,50310.0,0.0,0.0,11.0,41.0,-1.0,1.0,0.0,2.0,-2.0,21:06:10
700,50300.0,0.0,50300.0,50310.0,0.0,0.0,6.0,41.0,-5.0,0.0,0.0,-0.0,0.0,21:06:10
701,50300.0,12.0,50290.0,50300.0,-1.0,-1.0,102.0,38.0,0.0,0.0,0.0,12.0,-12.0,21:06:11
702,50290.0,10.0,50290.0,50300.0,0.0,0.0,97.0,41.0,-5.0,3.0,0.0,10.0,-10.0,21:06:12
703,50290.0,0.0,50290.0,50300.0,0.0,0.0,72.0,45.0,-25.0,4.0,0.0,-0.0,0.0,21:06:12
704,50290.0,0.0,50290.0,50300.0,0.0,0.0,59.0,46.0,-13.0,1.0,0.0,-0.0,0.0,21:06:13
705,50290.0,0.0,50290.0,50300.0,0.0,0.0,59.0,38.0,0.0,-8.0,0.0,-0.0,0.0,21:06:13
706,50290.0,0.0,50290.0,50300.0,0.0,0.0,63.0,38.0,4.0,0.0,0.0,-0.0,0.0,21:06:14
707,50300.0,8.0,50290.0,50300.0,0.0,0.0,74.0,34.0,11.0,-4.0,8.0,-0.0,8.0,21:06:14
708,50300.0,0.0,50290.0,50300.0,0.0,0.0,74.0,32.0,0.0,-2.0,0.0,-0.0,0.0,21:06:15
709,50290.0,2.0,50290.0,50300.0,0.0,0.0,73.0,32.0,-1.0,0.0,0.0,2.0,-2.0,21:06:15
710,50290.0,0.0,50290.0,50300.0,0.0,0.0,74.0,32.0,1.0,0.0,0.0,-0.0,0.0,21:06:16
711,50290.0,4.0,50290.0,50300.0,0.0,0.0,72.0,32.0,-2.0,0.0,0.0,4.0,-4.0,21:06:16
712,50300.0,14.0,50290.0,50300.0,0.0,0.0,69.0,27.0,-3.0,-5.0,14.0,-0.0,14.0,21:06:17
713,50300.0,52.0,50290.0,50300.0,0.0,0.0,68.0,9.0,-1.0,-18.0,48.0,4.0,44.0,21:06:17
714,50310.0,24.0,50300.0,50310.0,1.0,1.0,41.0,38.0,0.0,0.0,24.0,0.0,24.0,21:06:18
715,50300.0,8.0,50300.0,50310.0,0.0,0.0,41.0,34.0,0.0,-4.0,6.0,2.0,4.0,21:06:18
716,50300.0,0.0,50300.0,50310.0,0.0,0.0,50.0,34.0,9.0,0.0,0.0,-0.0,0.0,21:06:19
717,50300.0,0.0,50300.0,50310.0,0.0,0.0,50.0,34.0,0.0,0.0,0.0,-0.0,0.0,21:06:20
718,50300.0,0.0,50300.0,50310.0,0.0,0.0,50.0,35.0,0.0,1.0,0.0,-0.0,0.0,21:06:20
719,50300.0,0.0,50300.0,50310.0,0.0,0.0,42.0,36.0,-8.0,1.0,0.0,-0.0,0.0,21:06:22
720,50300.0,0.0,50300.0,50310.0,0.0,0.0,42.0,36.0,0.0,0.0,0.0,-0.0,0.0,21:06:22
721,50300.0,0.0,50300.0,50310.0,0.0,0.0,42.0,38.0,0.0,2.0,0.0,-0.0,0.0,21:06:23
722,50300.0,2.0,50300.0,50310.0,0.0,0.0,42.0,39.0,0.0,1.0,0.0,2.0,-2.0,21:06:23
723,50300.0,0.0,50300.0,50310.0,0.0,0.0,42.0,39.0,0.0,0.0,0.0,-0.0,0.0,21:06:24
724,50300.0,10.0,50300.0,50310.0,0.0,0.0,38.0,39.0,-4.0,0.0,0.0,10.0,-10.0,21:06:24
725,50300.0,6.0,50300.0,50310.0,0.0,0.0,35.0,39.0,-3.0,0.0,0.0,6.0,-6.0,21:06:25
726,50300.0,0.0,50300.0,50310.0,0.0,0.0,34.0,35.0,-1.0,-4.0,0.0,-0.0,0.0,21:06:26
727,50300.0,2.0,50300.0,50310.0,0.0,0.0,33.0,35.0,-1.0,0.0,0.0,2.0,-2.0,21:06:26
728,50300.0,2.0,50300.0,50310.0,0.0,0.0,32.0,35.0,-1.0,0.0,0.0,2.0,-2.0,21:06:27
729,50300.0,64.0,50290.0,50300.0,-1.0,-1.0,59.0,4.0,0.0,0.0,0.0,64.0,-64.0,21:06:28
730,50300.0,8.0,50290.0,50310.0,0.0,1.0,116.0,35.0,57.0,0.0,8.0,-0.0,8.0,21:06:28
731,50300.0,0.0,50300.0,50310.0,1.0,0.0,6.0,34.0,0.0,-1.0,0.0,-0.0,0.0,21:06:29
732,50300.0,36.0,50300.0,50310.0,0.0,0.0,4.0,34.0,-2.0,0.0,0.0,36.0,-36.0,21:06:29
733,50300.0,2.0,50300.0,50310.0,0.0,0.0,3.0,35.0,-1.0,1.0,0.0,2.0,-2.0,21:06:30
734,50300.0,2.0,50300.0,50310.0,0.0,0.0,2.0,35.0,-1.0,0.0,0.0,2.0,-2.0,21:06:30
735,50300.0,2.0,50300.0,50310.0,0.0,0.0,1.0,35.0,-1.0,0.0,0.0,2.0,-2.0,21:06:31
736,50300.0,2.0,50290.0,50310.0,-1.0,0.0,120.0,35.0,0.0,0.0,0.0,2.0,-2.0,21:06:31
737,50310.0,4.0,50300.0,50310.0,1.0,0.0,1.0,34.0,0.0,-1.0,4.0,-0.0,4.0,21:06:32
738,50300.0,2.0,50300.0,50310.0,0.0,0.0,6.0,34.0,5.0,0.0,0.0,2.0,-2.0,21:06:32
739,50310.0,2.0,50300.0,50310.0,0.0,0.0,6.0,33.0,0.0,-1.0,2.0,-0.0,2.0,21:06:33
740,50310.0,0.0,50300.0,50310.0,0.0,0.0,6.0,32.0,0.0,-1.0,0.0,-0.0,0.0,21:06:33
741,50310.0,0.0,50300.0,50310.0,0.0,0.0,12.0,33.0,6.0,1.0,0.0,-0.0,0.0,21:06:34
742,50310.0,0.0,50300.0,50310.0,0.0,0.0,12.0,33.0,0.0,0.0,0.0,-0.0,0.0,21:06:34
743,50300.0,2.0,50300.0,50310.0,0.0,0.0,12.0,33.0,0.0,0.0,0.0,2.0,-2.0,21:06:36
744,50300.0,0.0,50300.0,50310.0,0.0,0.0,17.0,33.0,5.0,0.0,0.0,-0.0,0.0,21:06:36
745,50300.0,0.0,50300.0,50310.0,0.0,0.0,11.0,33.0,-6.0,0.0,0.0,-0.0,0.0,21:06:37
746,50300.0,0.0,50300.0,50310.0,0.0,0.0,11.0,33.0,0.0,0.0,0.0,-0.0,0.0,21:06:37
747,50300.0,0.0,50300.0,50310.0,0.0,0.0,13.0,33.0,2.0,0.0,0.0,-0.0,0.0,21:06:38
748,50300.0,4.0,50300.0,50310.0,0.0,0.0,13.0,33.0,0.0,0.0,0.0,4.0,-4.0,21:06:39
749,50300.0,0.0,50300.0,50310.0,0.0,0.0,13.0,33.0,0.0,0.0,0.0,-0.0,0.0,21:06:40
750,50300.0,0.0,50300.0,50310.0,0.0,0.0,13.0,33.0,0.0,0.0,0.0,-0.0,0.0,21:06:40
751,50300.0,0.0,50300.0,50310.0,0.0,0.0,13.0,33.0,0.0,0.0,0.0,-0.0,0.0,21:06:41
752,50300.0,0.0,50300.0,50310.0,0.0,0.0,13.0,33.0,0.0,0.0,0.0,-0.0,0.0,21:06:41
753,50300.0,0.0,50300.0,50310.0,0.0,0.0,13.0,33.0,0.0,0.0,0.0,-0.0,0.0,21:06:42
754,50300.0,2.0,50300.0,50310.0,0.0,0.0,12.0,33.0,-1.0,0.0,0.0,2.0,-2.0,21:06:42
755,50300.0,0.0,50300.0,50310.0,0.0,0.0,12.0,33.0,0.0,0.0,0.0,-0.0,0.0,21:06:43
756,50300.0,0.0,50300.0,50310.0,0.0,0.0,10.0,33.0,-2.0,0.0,0.0,-0.0,0.0,21:06:43
757,50300.0,0.0,50300.0,50310.0,0.0,0.0,10.0,33.0,0.0,0.0,0.0,-0.0,0.0,21:06:44
758,50300.0,4.0,50300.0,50310.0,0.0,0.0,9.0,34.0,-1.0,1.0,2.0,2.0,0.0,21:06:46
759,50300.0,0.0,50300.0,50310.0,0.0,0.0,13.0,34.0,4.0,0.0,0.0,-0.0,0.0,21:06:47
760,50300.0,0.0,50300.0,50310.0,0.0,0.0,15.0,34.0,2.0,0.0,0.0,-0.0,0.0,21:06:47
761,50300.0,0.0,50300.0,50310.0,0.0,0.0,17.0,34.0,2.0,0.0,0.0,-0.0,0.0,21:06:48
762,50300.0,6.0,50300.0,50310.0,0.0,0.0,14.0,34.0,-3.0,0.0,0.0,6.0,-6.0,21:06:48
763,50300.0,0.0,50300.0,50310.0,0.0,0.0,12.0,34.0,-2.0,0.0,0.0,-0.0,0.0,21:06:49
764,50300.0,0.0,50300.0,50310.0,0.0,0.0,12.0,34.0,0.0,0.0,0.0,-0.0,0.0,21:06:50
765,50300.0,0.0,50300.0,50310.0,0.0,0.0,12.0,34.0,0.0,0.0,0.0,-0.0,0.0,21:06:50
766,50300.0,2.0,50300.0,50310.0,0.0,0.0,11.0,35.0,-1.0,1.0,0.0,2.0,-2.0,21:06:51
767,50300.0,0.0,50300.0,50310.0,0.0,0.0,11.0,35.0,0.0,0.0,0.0,-0.0,0.0,21:06:51
768,50310.0,2.0,50300.0,50310.0,0.0,0.0,11.0,34.0,0.0,-1.0,2.0,-0.0,2.0,21:06:52
769,50310.0,2.0,50300.0,50310.0,0.0,0.0,13.0,33.0,2.0,-1.0,2.0,-0.0,2.0,21:06:53
770,50310.0,0.0,50300.0,50310.0,0.0,0.0,13.0,33.0,0.0,0.0,0.0,-0.0,0.0,21:06:53
771,50310.0,0.0,50300.0,50310.0,0.0,0.0,13.0,33.0,0.0,0.0,0.0,-0.0,0.0,21:06:54
772,50310.0,0.0,50300.0,50310.0,0.0,0.0,14.0,33.0,1.0,0.0,0.0,-0.0,0.0,21:06:55
773,50300.0,4.0,50300.0,50310.0,0.0,0.0,12.0,34.0,-2.0,1.0,0.0,4.0,-4.0,21:06:55
774,50300.0,2.0,50300.0,50310.0,0.0,0.0,9.0,34.0,-3.0,0.0,0.0,2.0,-2.0,21:06:56
775,50310.0,2.0,50300.0,50310.0,0.0,0.0,10.0,33.0,1.0,-1.0,2.0,-0.0,2.0,21:06:59
776,50310.0,0.0,50300.0,50310.0,0.0,0.0,12.0,33.0,2.0,0.0,0.0,-0.0,0.0,21:07:00
777,50310.0,0.0,50300.0,50310.0,0.0,0.0,12.0,33.0,0.0,0.0,0.0,-0.0,0.0,21:07:01
778,50300.0,2.0,50300.0,50310.0,0.0,0.0,11.0,33.0,-1.0,0.0,0.0,2.0,-2.0,21:07:02
779,50300.0,0.0,50300.0,50310.0,0.0,0.0,20.0,34.0,9.0,1.0,0.0,-0.0,0.0,21:07:02
780,50300.0,0.0,50300.0,50310.0,0.0,0.0,20.0,34.0,0.0,0.0,0.0,-0.0,0.0,21:07:03
781,50300.0,0.0,50300.0,50310.0,0.0,0.0,20.0,34.0,0.0,0.0,0.0,-0.0,0.0,21:07:03
782,50300.0,0.0,50300.0,50310.0,0.0,0.0,20.0,34.0,0.0,0.0,0.0,-0.0,0.0,21:07:04
783,50310.0,4.0,50300.0,50310.0,0.0,0.0,20.0,32.0,0.0,-2.0,4.0,-0.0,4.0,21:07:05
784,50310.0,0.0,50300.0,50310.0,0.0,0.0,20.0,32.0,0.0,0.0,0.0,-0.0,0.0,21:07:05
785,50310.0,0.0,50300.0,50310.0,0.0,0.0,20.0,33.0,0.0,1.0,0.0,-0.0,0.0,21:07:06
786,50300.0,2.0,50300.0,50310.0,0.0,0.0,13.0,33.0,-7.0,0.0,0.0,2.0,-2.0,21:07:06
787,50300.0,0.0,50300.0,50310.0,0.0,0.0,13.0,33.0,0.0,0.0,0.0,-0.0,0.0,21:07:07
788,50300.0,0.0,50300.0,50310.0,0.0,0.0,19.0,33.0,6.0,0.0,0.0,-0.0,0.0,21:07:07
789,50300.0,0.0,50300.0,50310.0,0.0,0.0,20.0,33.0,1.0,0.0,0.0,-0.0,0.0,21:07:08
790,50300.0,10.0,50300.0,50310.0,0.0,0.0,15.0,33.0,-5.0,0.0,0.0,10.0,-10.0,21:07:08
791,50310.0,2.0,50300.0,50310.0,0.0,0.0,7.0,32.0,-8.0,-1.0,2.0,-0.0,2.0,21:07:09
792,50300.0,4.0,50300.0,50310.0,0.0,0.0,8.0,32.0,1.0,0.0,0.0,4.0,-4.0,21:07:09
793,50300.0,0.0,50300.0,50310.0,0.0,0.0,8.0,32.0,0.0,0.0,0.0,-0.0,0.0,21:07:10
794,50310.0,6.0,50300.0,50310.0,0.0,0.0,27.0,29.0,19.0,-3.0,6.0,-0.0,6.0,21:07:11
795,50310.0,0.0,50300.0,50310.0,0.0,0.0,29.0,29.0,2.0,0.0,0.0,-0.0,0.0,21:07:11
796,50310.0,0.0,50300.0,50310.0,0.0,0.0,36.0,29.0,7.0,0.0,0.0,-0.0,0.0,21:07:12
797,50310.0,0.0,50300.0,50310.0,0.0,0.0,37.0,29.0,1.0,0.0,0.0,-0.0,0.0,21:07:12
798,50310.0,4.0,50300.0,50310.0,0.0,0.0,37.0,27.0,0.0,-2.0,4.0,-0.0,4.0,21:07:13
799,50310.0,2.0,50300.0,50310.0,0.0,0.0,39.0,26.0,2.0,-1.0,2.0,-0.0,2.0,21:07:13
800,50300.0,36.0,50300.0,50310.0,0.0,0.0,22.0,26.0,-17.0,0.0,0.0,36.0,-36.0,21:07:14
801,50300.0,0.0,50300.0,50310.0,0.0,0.0,20.0,26.0,-2.0,0.0,0.0,-0.0,0.0,21:07:14
802,50300.0,0.0,50300.0,50310.0,0.0,0.0,11.0,28.0,-9.0,2.0,0.0,-0.0,0.0,21:07:15
803,50300.0,0.0,50300.0,50310.0,0.0,0.0,13.0,28.0,2.0,0.0,0.0,-0.0,0.0,21:07:15
804,50300.0,0.0,50300.0,50310.0,0.0,0.0,17.0,28.0,4.0,0.0,0.0,-0.0,0.0,21:07:16
805,50300.0,0.0,50300.0,50310.0,0.0,0.0,18.0,28.0,1.0,0.0,0.0,-0.0,0.0,21:07:16
806,50300.0,4.0,50300.0,50310.0,0.0,0.0,17.0,27.0,-1.0,-1.0,2.0,2.0,0.0,21:07:17
807,50300.0,0.0,50300.0,50310.0,0.0,0.0,22.0,27.0,5.0,0.0,0.0,-0.0,0.0,21:07:18
808,50300.0,0.0,50300.0,50310.0,0.0,0.0,22.0,27.0,0.0,0.0,0.0,-0.0,0.0,21:07:18
809,50300.0,0.0,50300.0,50310.0,0.0,0.0,24.0,27.0,2.0,0.0,0.0,-0.0,0.0,21:07:19
810,50300.0,2.0,50300.0,50310.0,0.0,0.0,23.0,27.0,-1.0,0.0,0.0,2.0,-2.0,21:07:19
811,50310.0,2.0,50300.0,50310.0,0.0,0.0,23.0,26.0,0.0,-1.0,2.0,-0.0,2.0,21:07:20
812,50310.0,0.0,50300.0,50310.0,0.0,0.0,23.0,27.0,0.0,1.0,0.0,-0.0,0.0,21:07:20
813,50310.0,2.0,50300.0,50310.0,0.0,0.0,24.0,26.0,1.0,-1.0,2.0,-0.0,2.0,21:07:21
814,50310.0,4.0,50300.0,50310.0,0.0,0.0,24.0,24.0,0.0,-2.0,4.0,-0.0,4.0,21:07:22
815,50310.0,0.0,50300.0,50310.0,0.0,0.0,24.0,24.0,0.0,0.0,0.0,-0.0,0.0,21:07:22
816,50310.0,0.0,50300.0,50310.0,0.0,0.0,22.0,24.0,-2.0,0.0,0.0,-0.0,0.0,21:07:23
817,50310.0,0.0,50300.0,50310.0,0.0,0.0,15.0,24.0,-7.0,0.0,0.0,-0.0,0.0,21:07:24
818,50300.0,2.0,50300.0,50310.0,0.0,0.0,12.0,24.0,-3.0,0.0,0.0,2.0,-2.0,21:07:24
819,50300.0,4.0,50300.0,50310.0,0.0,0.0,11.0,23.0,-1.0,-1.0,2.0,2.0,0.0,21:07:25
820,50300.0,0.0,50300.0,50310.0,0.0,0.0,17.0,23.0,6.0,0.0,0.0,-0.0,0.0,21:07:25
821,50300.0,2.0,50300.0,50310.0,0.0,0.0,18.0,23.0,1.0,0.0,0.0,2.0,-2.0,21:07:26
822,50300.0,0.0,50300.0,50310.0,0.0,0.0,11.0,23.0,-7.0,0.0,0.0,-0.0,0.0,21:07:27
823,50300.0,0.0,50300.0,50310.0,0.0,0.0,24.0,23.0,13.0,0.0,0.0,-0.0,0.0,21:07:27
824,50300.0,0.0,50300.0,50310.0,0.0,0.0,19.0,23.0,-5.0,0.0,0.0,-0.0,0.0,21:07:28
825,50300.0,0.0,50300.0,50310.0,0.0,0.0,19.0,24.0,0.0,1.0,0.0,-0.0,0.0,21:07:28
826,50300.0,0.0,50300.0,50310.0,0.0,0.0,20.0,24.0,1.0,0.0,0.0,-0.0,0.0,21:07:29
827,50300.0,12.0,50300.0,50310.0,0.0,0.0,14.0,24.0,-6.0,0.0,0.0,12.0,-12.0,21:07:29
828,50290.0,10.0,50290.0,50310.0,-1.0,0.0,111.0,24.0,0.0,0.0,0.0,10.0,-10.0,21:07:30
829,50290.0,0.0,50290.0,50310.0,0.0,0.0,122.0,26.0,11.0,2.0,0.0,-0.0,0.0,21:07:30
830,50290.0,0.0,50300.0,50310.0,1.0,0.0,2.0,27.0,0.0,1.0,0.0,-0.0,0.0,21:07:31
831,50300.0,4.0,50290.0,50310.0,-1.0,0.0,123.0,31.0,0.0,4.0,0.0,4.0,-4.0,21:07:31
832,50300.0,0.0,50290.0,50310.0,0.0,0.0,123.0,31.0,0.0,0.0,0.0,-0.0,0.0,21:07:32
833,50290.0,2.0,50290.0,50310.0,0.0,0.0,122.0,31.0,-1.0,0.0,0.0,2.0,-2.0,21:07:32
834,50310.0,4.0,50290.0,50310.0,0.0,0.0,121.0,31.0,-1.0,0.0,2.0,2.0,0.0,21:07:33
835,50310.0,0.0,50300.0,50310.0,1.0,0.0,3.0,30.0,0.0,-1.0,0.0,-0.0,0.0,21:07:34
836,50310.0,0.0,50300.0,50310.0,0.0,0.0,4.0,28.0,1.0,-2.0,0.0,-0.0,0.0,21:07:34
837,50310.0,0.0,50300.0,50310.0,0.0,0.0,7.0,28.0,3.0,0.0,0.0,-0.0,0.0,21:07:35
838,50310.0,0.0,50300.0,50310.0,0.0,0.0,7.0,29.0,0.0,1.0,0.0,-0.0,0.0,21:07:35
839,50300.0,2.0,50300.0,50310.0,0.0,0.0,4.0,29.0,-3.0,0.0,0.0,2.0,-2.0,21:07:36
840,50300.0,2.0,50300.0,50310.0,0.0,0.0,3.0,30.0,-1.0,1.0,0.0,2.0,-2.0,21:07:36
841,50300.0,2.0,50290.0,50310.0,-1.0,0.0,121.0,31.0,0.0,1.0,0.0,2.0,-2.0,21:07:37
842,50300.0,6.0,50290.0,50310.0,0.0,0.0,121.0,32.0,0.0,1.0,3.0,3.0,0.0,21:07:37
843,50300.0,0.0,50290.0,50310.0,0.0,0.0,121.0,32.0,0.0,0.0,0.0,-0.0,0.0,21:07:38
844,50300.0,0.0,50300.0,50310.0,1.0,0.0,3.0,32.0,0.0,0.0,0.0,-0.0,0.0,21:07:40
845,50310.0,8.0,50300.0,50310.0,0.0,0.0,9.0,30.0,6.0,-2.0,2.0,6.0,-4.0,21:07:40
846,50310.0,0.0,50300.0,50310.0,0.0,0.0,6.0,30.0,-3.0,0.0,0.0,-0.0,0.0,21:07:41
847,50310.0,0.0,50300.0,50310.0,0.0,0.0,4.0,32.0,-2.0,2.0,0.0,-0.0,0.0,21:07:41
848,50310.0,12.0,50290.0,50310.0,-1.0,0.0,110.0,30.0,0.0,-2.0,4.0,8.0,-4.0,21:07:42
849,50290.0,2.0,50290.0,50310.0,0.0,0.0,120.0,31.0,10.0,1.0,0.0,2.0,-2.0,21:07:42
850,50290.0,0.0,50300.0,50310.0,1.0,0.0,7.0,31.0,0.0,0.0,0.0,-0.0,0.0,21:07:43
851,50300.0,2.0,50300.0,50310.0,0.0,0.0,6.0,31.0,-1.0,0.0,0.0,2.0,-2.0,21:07:43
852,50300.0,0.0,50300.0,50310.0,0.0,0.0,28.0,31.0,22.0,0.0,0.0,-0.0,0.0,21:07:44
853,50300.0,0.0,50300.0,50310.0,0.0,0.0,24.0,31.0,-4.0,0.0,0.0,-0.0,0.0,21:07:44
854,50300.0,0.0,50300.0,50310.0,0.0,0.0,25.0,31.0,1.0,0.0,0.0,-0.0,0.0,21:07:45
855,50300.0,2.0,50300.0,50310.0,0.0,0.0,23.0,31.0,-2.0,0.0,0.0,2.0,-2.0,21:07:45
856,50300.0,0.0,50300.0,50310.0,0.0,0.0,30.0,31.0,7.0,0.0,0.0,-0.0,0.0,21:07:46
857,50300.0,2.0,50300.0,50310.0,0.0,0.0,29.0,32.0,-1.0,1.0,0.0,2.0,-2.0,21:07:46
858,50300.0,12.0,50300.0,50310.0,0.0,0.0,25.0,32.0,-4.0,0.0,0.0,12.0,-12.0,21:07:47
859,50310.0,4.0,50300.0,50310.0,0.0,0.0,25.0,30.0,0.0,-2.0,4.0,-0.0,4.0,21:07:47
860,50310.0,0.0,50300.0,50310.0,0.0,0.0,27.0,30.0,2.0,0.0,0.0,-0.0,0.0,21:07:48
861,50310.0,0.0,50300.0,50310.0,0.0,0.0,27.0,30.0,0.0,0.0,0.0,-0.0,0.0,21:07:48
862,50310.0,0.0,50300.0,50310.0,0.0,0.0,27.0,30.0,0.0,0.0,0.0,-0.0,0.0,21:07:49
863,50310.0,0.0,50300.0,50310.0,0.0,0.0,27.0,30.0,0.0,0.0,0.0,-0.0,0.0,21:07:49
864,50300.0,6.0,50300.0,50310.0,0.0,0.0,26.0,28.0,-1.0,-2.0,4.0,2.0,2.0,21:07:51
865,50300.0,4.0,50300.0,50310.0,0.0,0.0,22.0,28.0,-4.0,0.0,0.0,4.0,-4.0,21:07:51
866,50300.0,4.0,50300.0,50310.0,0.0,0.0,20.0,28.0,-2.0,0.0,0.0,4.0,-4.0,21:07:52
867,50300.0,2.0,50300.0,50310.0,0.0,0.0,17.0,31.0,-3.0,3.0,0.0,2.0,-2.0,21:07:52
868,50300.0,4.0,50300.0,50310.0,0.0,0.0,15.0,34.0,-2.0,3.0,0.0,4.0,-4.0,21:07:53
869,50300.0,2.0,50300.0,50310.0,0.0,0.0,14.0,34.0,-1.0,0.0,0.0,2.0,-2.0,21:07:53
870,50300.0,0.0,50300.0,50310.0,0.0,0.0,7.0,34.0,-7.0,0.0,0.0,-0.0,0.0,21:07:54
871,50300.0,0.0,50300.0,50310.0,0.0,0.0,10.0,34.0,3.0,0.0,0.0,-0.0,0.0,21:07:55
872,50300.0,0.0,50300.0,50310.0,0.0,0.0,12.0,34.0,2.0,0.0,0.0,-0.0,0.0,21:07:56
873,50300.0,2.0,50300.0,50310.0,0.0,0.0,13.0,34.0,1.0,0.0,0.0,2.0,-2.0,21:07:57
874,50300.0,0.0,50300.0,50310.0,0.0,0.0,16.0,34.0,3.0,0.0,0.0,-0.0,0.0,21:07:57
875,50300.0,0.0,50300.0,50310.0,0.0,0.0,16.0,31.0,0.0,-3.0,0.0,-0.0,0.0,21:07:58
876,50300.0,0.0,50300.0,50310.0,0.0,0.0,17.0,32.0,1.0,1.0,0.0,-0.0,0.0,21:07:58
877,50300.0,0.0,50300.0,50310.0,0.0,0.0,24.0,32.0,7.0,0.0,0.0,-0.0,0.0,21:08:00
878,50300.0,0.0,50300.0,50310.0,0.0,0.0,21.0,32.0,-3.0,0.0,0.0,-0.0,0.0,21:08:01
879,50300.0,0.0,50300.0,50310.0,0.0,0.0,20.0,32.0,-1.0,0.0,0.0,-0.0,0.0,21:08:01
880,50300.0,0.0,50300.0,50310.0,0.0,0.0,20.0,32.0,0.0,0.0,0.0,-0.0,0.0,21:08:02
881,50300.0,6.0,50300.0,50310.0,0.0,0.0,14.0,32.0,-6.0,0.0,0.0,6.0,-6.0,21:08:02
882,50300.0,6.0,50300.0,50310.0,0.0,0.0,9.0,32.0,-5.0,0.0,0.0,6.0,-6.0,21:08:03
883,50300.0,0.0,50300.0,50310.0,0.0,0.0,2.0,32.0,-7.0,0.0,0.0,-0.0,0.0,21:08:04
884,50300.0,0.0,50300.0,50310.0,0.0,0.0,2.0,32.0,0.0,0.0,0.0,-0.0,0.0,21:08:04
885,50310.0,14.0,50290.0,50310.0,-1.0,0.0,109.0,27.0,0.0,-5.0,10.0,4.0,6.0,21:08:05
886,50310.0,0.0,50300.0,50310.0,1.0,0.0,3.0,26.0,0.0,-1.0,0.0,-0.0,0.0,21:08:05
887,50310.0,0.0,50300.0,50310.0,0.0,0.0,6.0,26.0,3.0,0.0,0.0,-0.0,0.0,21:08:06
888,50310.0,0.0,50300.0,50310.0,0.0,0.0,11.0,26.0,5.0,0.0,0.0,-0.0,0.0,21:08:06
889,50300.0,2.0,50300.0,50310.0,0.0,0.0,12.0,26.0,1.0,0.0,0.0,2.0,-2.0,21:08:07
890,50300.0,0.0,50300.0,50310.0,0.0,0.0,12.0,26.0,0.0,0.0,0.0,-0.0,0.0,21:08:07
891,50300.0,0.0,50300.0,50310.0,0.0,0.0,12.0,31.0,0.0,5.0,0.0,-0.0,0.0,21:08:08
892,50300.0,0.0,50300.0,50310.0,0.0,0.0,12.0,31.0,0.0,0.0,0.0,-0.0,0.0,21:08:09
893,50300.0,0.0,50300.0,50310.0,0.0,0.0,12.0,32.0,0.0,1.0,0.0,-0.0,0.0,21:08:10
894,50300.0,0.0,50300.0,50310.0,0.0,0.0,10.0,32.0,-2.0,0.0,0.0,-0.0,0.0,21:08:10
895,50300.0,0.0,50300.0,50310.0,0.0,0.0,11.0,32.0,1.0,0.0,0.0,-0.0,0.0,21:08:11
896,50300.0,20.0,50300.0,50310.0,0.0,0.0,8.0,32.0,-3.0,0.0,0.0,20.0,-20.0,21:08:11
897,50300.0,0.0,50300.0,50310.0,0.0,0.0,1.0,32.0,-7.0,0.0,0.0,-0.0,0.0,21:08:12
898,50300.0,0.0,50300.0,50310.0,0.0,0.0,6.0,27.0,5.0,-5.0,0.0,-0.0,0.0,21:08:13
899,50300.0,12.0,50290.0,50300.0,-1.0,-1.0,109.0,1.0,0.0,0.0,0.0,12.0,-12.0,21:08:13
900,50310.0,4.0,50300.0,50310.0,1.0,1.0,14.0,26.0,0.0,0.0,4.0,0.0,4.0,21:08:14
901,50310.0,4.0,50300.0,50310.0,0.0,0.0,21.0,24.0,7.0,-2.0,4.0,-0.0,4.0,21:08:14
902,50310.0,0.0,50300.0,50310.0,0.0,0.0,30.0,24.0,9.0,0.0,0.0,-0.0,0.0,21:08:15
903,50310.0,0.0,50300.0,50310.0,0.0,0.0,23.0,24.0,-7.0,0.0,0.0,-0.0,0.0,21:08:15
904,50310.0,4.0,50300.0,50310.0,0.0,0.0,30.0,23.0,7.0,-1.0,2.0,2.0,0.0,21:08:16
905,50300.0,2.0,50300.0,50310.0,0.0,0.0,29.0,24.0,-1.0,1.0,0.0,2.0,-2.0,21:08:16
906,50300.0,0.0,50300.0,50310.0,0.0,0.0,34.0,60.0,5.0,36.0,0.0,-0.0,0.0,21:08:17
907,50300.0,0.0,50300.0,50310.0,0.0,0.0,32.0,62.0,-2.0,2.0,0.0,-0.0,0.0,21:08:18
908,50300.0,0.0,50300.0,50310.0,0.0,0.0,32.0,62.0,0.0,0.0,0.0,-0.0,0.0,21:08:18
909,50300.0,0.0,50300.0,50310.0,0.0,0.0,32.0,62.0,0.0,0.0,0.0,-0.0,0.0,21:08:19
910,50300.0,0.0,50300.0,50310.0,0.0,0.0,32.0,62.0,0.0,0.0,0.0,-0.0,0.0,21:08:20
911,50300.0,0.0,50300.0,50310.0,0.0,0.0,25.0,63.0,-7.0,1.0,0.0,-0.0,0.0,21:08:20
912,50310.0,2.0,50300.0,50310.0,0.0,0.0,25.0,61.0,0.0,-2.0,2.0,-0.0,2.0,21:08:21
913,50310.0,0.0,50300.0,50310.0,0.0,0.0,20.0,61.0,-5.0,0.0,0.0,-0.0,0.0,21:08:21
914,50310.0,0.0,50300.0,50310.0,0.0,0.0,20.0,61.0,0.0,0.0,0.0,-0.0,0.0,21:08:22
915,50310.0,0.0,50300.0,50310.0,0.0,0.0,20.0,61.0,0.0,0.0,0.0,-0.0,0.0,21:08:22
916,50310.0,0.0,50300.0,50310.0,0.0,0.0,20.0,61.0,0.0,0.0,0.0,-0.0,0.0,21:08:23
917,50310.0,0.0,50300.0,50310.0,0.0,0.0,20.0,61.0,0.0,0.0,0.0,-0.0,0.0,21:08:24
918,50300.0,6.0,50300.0,50310.0,0.0,0.0,17.0,62.0,-3.0,1.0,0.0,6.0,-6.0,21:08:27
919,50300.0,14.0,50300.0,50310.0,0.0,0.0,1.0,62.0,-16.0,0.0,0.0,14.0,-14.0,21:08:27
920,50300.0,2.0,50290.0,50300.0,-1.0,-1.0,114.0,40.0,0.0,0.0,0.0,2.0,-2.0,21:08:28
921,50300.0,0.0,50290.0,50300.0,0.0,0.0,124.0,43.0,10.0,3.0,0.0,-0.0,0.0,21:08:28
922,50300.0,0.0,50290.0,50300.0,0.0,0.0,124.0,43.0,0.0,0.0,0.0,-0.0,0.0,21:08:29
923,50300.0,0.0,50290.0,50300.0,0.0,0.0,124.0,43.0,0.0,0.0,0.0,-0.0,0.0,21:08:29
924,50300.0,0.0,50290.0,50300.0,0.0,0.0,124.0,44.0,0.0,1.0,0.0,-0.0,0.0,21:08:30
925,50300.0,0.0,50290.0,50300.0,0.0,0.0,124.0,44.0,0.0,0.0,0.0,-0.0,0.0,21:08:31
926,50290.0,2.0,50290.0,50300.0,0.0,0.0,123.0,43.0,-1.0,-1.0,0.0,2.0,-2.0,21:08:32
927,50290.0,0.0,50290.0,50300.0,0.0,0.0,123.0,43.0,0.0,0.0,0.0,-0.0,0.0,21:08:33
928,50300.0,18.0,50290.0,50300.0,0.0,0.0,123.0,28.0,0.0,-15.0,18.0,-0.0,18.0,21:08:33
929,50300.0,18.0,50290.0,50300.0,0.0,0.0,123.0,9.0,0.0,-19.0,18.0,-0.0,18.0,21:08:34
930,50300.0,20.0,50300.0,50310.0,1.0,1.0,1.0,63.0,0.0,0.0,20.0,0.0,20.0,21:08:34
931,50300.0,2.0,50300.0,50310.0,0.0,0.0,4.0,63.0,3.0,0.0,0.0,2.0,-2.0,21:08:35
932,50300.0,0.0,50300.0,50310.0,0.0,0.0,9.0,63.0,5.0,0.0,0.0,-0.0,0.0,21:08:35
933,50300.0,2.0,50300.0,50310.0,0.0,0.0,8.0,63.0,-1.0,0.0,0.0,2.0,-2.0,21:08:36
934,50300.0,0.0,50300.0,50310.0,0.0,0.0,8.0,63.0,0.0,0.0,0.0,-0.0,0.0,21:08:36
935,50300.0,0.0,50300.0,50310.0,0.0,0.0,5.0,63.0,-3.0,0.0,0.0,-0.0,0.0,21:08:37
936,50300.0,10.0,50290.0,50300.0,-1.0,-1.0,123.0,2.0,0.0,0.0,0.0,10.0,-10.0,21:08:38
937,50300.0,4.0,50300.0,50310.0,1.0,1.0,27.0,63.0,0.0,0.0,4.0,0.0,4.0,21:08:38
938,50300.0,0.0,50300.0,50310.0,0.0,0.0,25.0,64.0,-2.0,1.0,0.0,-0.0,0.0,21:08:39
939,50300.0,4.0,50300.0,50310.0,0.0,0.0,25.0,65.0,0.0,1.0,0.0,4.0,-4.0,21:08:39
940,50300.0,0.0,50300.0,50310.0,0.0,0.0,25.0,66.0,0.0,1.0,0.0,-0.0,0.0,21:08:40
941,50310.0,2.0,50300.0,50310.0,0.0,0.0,24.0,65.0,-1.0,-1.0,2.0,-0.0,2.0,21:08:40
942,50310.0,0.0,50300.0,50310.0,0.0,0.0,24.0,65.0,0.0,0.0,0.0,-0.0,0.0,21:08:41
943,50310.0,0.0,50300.0,50310.0,0.0,0.0,24.0,65.0,0.0,0.0,0.0,-0.0,0.0,21:08:42
944,50310.0,2.0,50300.0,50310.0,0.0,0.0,22.0,65.0,-2.0,0.0,2.0,-0.0,2.0,21:08:42
945,50310.0,0.0,50300.0,50310.0,0.0,0.0,21.0,65.0,-1.0,0.0,0.0,-0.0,0.0,21:08:43
946,50300.0,2.0,50300.0,50310.0,0.0,0.0,20.0,65.0,-1.0,0.0,0.0,2.0,-2.0,21:08:45
947,50300.0,0.0,50300.0,50310.0,0.0,0.0,13.0,65.0,-7.0,0.0,0.0,-0.0,0.0,21:08:46
948,50300.0,0.0,50300.0,50310.0,0.0,0.0,16.0,66.0,3.0,1.0,0.0,-0.0,0.0,21:08:47
949,50310.0,2.0,50300.0,50310.0,0.0,0.0,16.0,65.0,0.0,-1.0,2.0,-0.0,2.0,21:08:49
950,50300.0,2.0,50300.0,50310.0,0.0,0.0,19.0,65.0,3.0,0.0,0.0,2.0,-2.0,21:08:50
951,50300.0,0.0,50300.0,50310.0,0.0,0.0,20.0,65.0,1.0,0.0,0.0,-0.0,0.0,21:08:51
952,50310.0,2.0,50300.0,50310.0,0.0,0.0,22.0,64.0,2.0,-1.0,2.0,-0.0,2.0,21:08:51
953,50300.0,10.0,50300.0,50310.0,0.0,0.0,17.0,64.0,-5.0,0.0,0.0,10.0,-10.0,21:08:52
954,50300.0,0.0,50300.0,50310.0,0.0,0.0,14.0,64.0,-3.0,0.0,0.0,-0.0,0.0,21:08:52
955,50300.0,0.0,50300.0,50310.0,0.0,0.0,13.0,64.0,-1.0,0.0,0.0,-0.0,0.0,21:08:53
956,50300.0,0.0,50300.0,50310.0,0.0,0.0,19.0,64.0,6.0,0.0,0.0,-0.0,0.0,21:08:53
957,50300.0,34.0,50300.0,50310.0,0.0,0.0,5.0,64.0,-14.0,0.0,0.0,34.0,-34.0,21:08:55
958,50300.0,0.0,50300.0,50310.0,0.0,0.0,6.0,64.0,1.0,0.0,0.0,-0.0,0.0,21:08:55
959,50300.0,0.0,50300.0,50310.0,0.0,0.0,6.0,64.0,0.0,0.0,0.0,-0.0,0.0,21:08:56
960,50300.0,0.0,50300.0,50310.0,0.0,0.0,6.0,64.0,0.0,0.0,0.0,-0.0,0.0,21:08:57
961,50300.0,0.0,50300.0,50310.0,0.0,0.0,6.0,64.0,0.0,0.0,0.0,-0.0,0.0,21:08:58
962,50300.0,0.0,50300.0,50310.0,0.0,0.0,6.0,64.0,0.0,0.0,0.0,-0.0,0.0,21:08:58
963,50300.0,0.0,50300.0,50310.0,0.0,0.0,7.0,64.0,1.0,0.0,0.0,-0.0,0.0,21:09:00
964,50300.0,2.0,50300.0,50310.0,0.0,0.0,6.0,64.0,-1.0,0.0,0.0,2.0,-2.0,21:09:00
965,50300.0,0.0,50300.0,50310.0,0.0,0.0,6.0,66.0,0.0,2.0,0.0,-0.0,0.0,21:09:01
966,50300.0,2.0,50300.0,50310.0,0.0,0.0,5.0,66.0,-1.0,0.0,0.0,2.0,-2.0,21:09:02
967,50300.0,0.0,50300.0,50310.0,0.0,0.0,5.0,66.0,0.0,0.0,0.0,-0.0,0.0,21:09:02
968,50310.0,4.0,50300.0,50310.0,0.0,0.0,6.0,64.0,1.0,-2.0,4.0,-0.0,4.0,21:09:03
969,50300.0,2.0,50300.0,50310.0,0.0,0.0,5.0,64.0,-1.0,0.0,0.0,2.0,-2.0,21:09:03
970,50300.0,0.0,50300.0,50310.0,0.0,0.0,10.0,64.0,5.0,0.0,0.0,-0.0,0.0,21:09:05
971,50300.0,0.0,50300.0,50310.0,0.0,0.0,12.0,64.0,2.0,0.0,0.0,-0.0,0.0,21:09:05
972,50300.0,0.0,50300.0,50310.0,0.0,0.0,13.0,64.0,1.0,0.0,0.0,-0.0,0.0,21:09:06
973,50300.0,2.0,50300.0,50310.0,0.0,0.0,12.0,64.0,-1.0,0.0,0.0,2.0,-2.0,21:09:06
974,50300.0,22.0,50300.0,50310.0,0.0,0.0,1.0,64.0,-11.0,0.0,0.0,22.0,-22.0,21:09:09
975,50300.0,2.0,50290.0,50300.0,-1.0,-1.0,144.0,14.0,0.0,0.0,0.0,2.0,-2.0,21:09:10
976,50300.0,4.0,50290.0,50300.0,0.0,0.0,146.0,13.0,2.0,-1.0,4.0,-0.0,4.0,21:09:10
977,50300.0,4.0,50290.0,50300.0,0.0,0.0,146.0,10.0,0.0,-3.0,4.0,-0.0,4.0,21:09:11
978,50300.0,0.0,50290.0,50300.0,0.0,0.0,146.0,1.0,0.0,-9.0,0.0,-0.0,0.0,21:09:11
979,50300.0,2.0,50300.0,50310.0,1.0,1.0,1.0,64.0,0.0,0.0,2.0,0.0,2.0,21:09:12
980,50300.0,2.0,50290.0,50310.0,-1.0,0.0,146.0,64.0,0.0,0.0,0.0,2.0,-2.0,21:09:12
981,50300.0,0.0,50300.0,50310.0,1.0,0.0,5.0,64.0,0.0,0.0,0.0,-0.0,0.0,21:09:13
982,50300.0,0.0,50300.0,50310.0,0.0,0.0,5.0,63.0,0.0,-1.0,0.0,-0.0,0.0,21:09:13
983,50300.0,0.0,50300.0,50310.0,0.0,0.0,7.0,63.0,2.0,0.0,0.0,-0.0,0.0,21:09:14
984,50300.0,2.0,50300.0,50310.0,0.0,0.0,6.0,63.0,-1.0,0.0,0.0,2.0,-2.0,21:09:14
985,50300.0,4.0,50300.0,50310.0,0.0,0.0,4.0,63.0,-2.0,0.0,0.0,4.0,-4.0,21:09:16
986,50300.0,0.0,50300.0,50310.0,0.0,0.0,7.0,63.0,3.0,0.0,0.0,-0.0,0.0,21:09:17
987,50300.0,0.0,50300.0,50310.0,0.0,0.0,4.0,63.0,-3.0,0.0,0.0,-0.0,0.0,21:09:19
988,50300.0,0.0,50300.0,50310.0,0.0,0.0,4.0,63.0,0.0,0.0,0.0,-0.0,0.0,21:09:20
989,50300.0,8.0,50290.0,50310.0,-1.0,0.0,146.0,63.0,0.0,0.0,0.0,8.0,-8.0,21:09:21
990,50300.0,0.0,50290.0,50310.0,0.0,0.0,146.0,64.0,0.0,1.0,0.0,-0.0,0.0,21:09:21
991,50300.0,0.0,50290.0,50300.0,0.0,-1.0,146.0,56.0,0.0,0.0,0.0,-0.0,0.0,21:09:22
992,50300.0,0.0,50290.0,50300.0,0.0,0.0,146.0,56.0,0.0,0.0,0.0,-0.0,0.0,21:09:22
993,50300.0,0.0,50290.0,50300.0,0.0,0.0,146.0,57.0,0.0,1.0,0.0,-0.0,0.0,21:09:23
994,50300.0,0.0,50290.0,50300.0,0.0,0.0,146.0,59.0,0.0,2.0,0.0,-0.0,0.0,21:09:23
995,50300.0,0.0,50290.0,50300.0,0.0,0.0,145.0,59.0,-1.0,0.0,0.0,-0.0,0.0,21:09:24
996,50300.0,0.0,50290.0,50300.0,0.0,0.0,145.0,59.0,0.0,0.0,0.0,-0.0,0.0,21:09:25
997,50300.0,0.0,50290.0,50300.0,0.0,0.0,145.0,59.0,0.0,0.0,0.0,-0.0,0.0,21:09:26
998,50300.0,0.0,50290.0,50300.0,0.0,0.0,145.0,59.0,0.0,0.0,0.0,-0.0,0.0,21:09:27
999,50300.0,0.0,50290.0,50300.0,0.0,0.0,145.0,60.0,0.0,1.0,0.0,-0.0,0.0,21:09:27
1000,50300.0,0.0,50290.0,50300.0,0.0,0.0,145.0,60.0,0.0,0.0,0.0,-0.0,0.0,21:09:28
1001,50300.0,6.0,50290.0,50300.0,0.0,0.0,143.0,57.0,-2.0,-3.0,6.0,-0.0,6.0,21:09:28
1002,50300.0,0.0,50290.0,50300.0,0.0,0.0,145.0,57.0,2.0,0.0,0.0,-0.0,0.0,21:09:29
1003,50290.0,12.0,50290.0,50300.0,0.0,0.0,144.0,52.0,-1.0,-5.0,10.0,2.0,8.0,21:09:29
1004,50300.0,8.0,50290.0,50300.0,0.0,0.0,144.0,48.0,0.0,-4.0,8.0,-0.0,8.0,21:09:30
1005,50300.0,4.0,50290.0,50300.0,0.0,0.0,144.0,46.0,0.0,-2.0,4.0,-0.0,4.0,21:09:30
1006,50300.0,0.0,50290.0,50300.0,0.0,0.0,146.0,46.0,2.0,0.0,0.0,-0.0,0.0,21:09:31
1007,50290.0,2.0,50290.0,50300.0,0.0,0.0,145.0,46.0,-1.0,0.0,0.0,2.0,-2.0,21:09:32
1008,50290.0,0.0,50290.0,50300.0,0.0,0.0,145.0,47.0,0.0,1.0,0.0,-0.0,0.0,21:09:32
1009,50300.0,2.0,50290.0,50300.0,0.0,0.0,145.0,46.0,0.0,-1.0,2.0,-0.0,2.0,21:09:33
1010,50300.0,10.0,50290.0,50300.0,0.0,0.0,145.0,41.0,0.0,-5.0,10.0,-0.0,10.0,21:09:34
1011,50300.0,0.0,50290.0,50300.0,0.0,0.0,141.0,42.0,-4.0,1.0,0.0,-0.0,0.0,21:09:36
1012,50300.0,0.0,50290.0,50300.0,0.0,0.0,141.0,42.0,0.0,0.0,0.0,-0.0,0.0,21:09:36
1013,50300.0,0.0,50290.0,50300.0,0.0,0.0,141.0,42.0,0.0,0.0,0.0,-0.0,0.0,21:09:37
1014,50290.0,2.0,50290.0,50300.0,0.0,0.0,141.0,42.0,0.0,0.0,0.0,2.0,-2.0,21:09:38
1015,50290.0,0.0,50290.0,50300.0,0.0,0.0,134.0,42.0,-7.0,0.0,0.0,-0.0,0.0,21:09:39
1016,50290.0,0.0,50290.0,50300.0,0.0,0.0,134.0,43.0,0.0,1.0,0.0,-0.0,0.0,21:09:39
1017,50290.0,0.0,50290.0,50300.0,0.0,0.0,141.0,43.0,7.0,0.0,0.0,-0.0,0.0,21:09:40
1018,50290.0,0.0,50290.0,50300.0,0.0,0.0,141.0,44.0,0.0,1.0,0.0,-0.0,0.0,21:09:42
1019,50290.0,0.0,50290.0,50300.0,0.0,0.0,141.0,44.0,0.0,0.0,0.0,-0.0,0.0,21:09:43
1020,50290.0,0.0,50290.0,50300.0,0.0,0.0,141.0,44.0,0.0,0.0,0.0,-0.0,0.0,21:09:44
1021,50290.0,0.0,50290.0,50300.0,0.0,0.0,137.0,44.0,-4.0,0.0,0.0,-0.0,0.0,21:09:45
1022,50290.0,0.0,50290.0,50300.0,0.0,0.0,141.0,44.0,4.0,0.0,0.0,-0.0,0.0,21:09:45
1023,50300.0,2.0,50290.0,50300.0,0.0,0.0,141.0,43.0,0.0,-1.0,2.0,-0.0,2.0,21:09:46
1024,50300.0,0.0,50290.0,50300.0,0.0,0.0,141.0,43.0,0.0,0.0,0.0,-0.0,0.0,21:09:46
1025,50300.0,0.0,50290.0,50300.0,0.0,0.0,134.0,44.0,-7.0,1.0,0.0,-0.0,0.0,21:09:47
1026,50300.0,0.0,50290.0,50300.0,0.0,0.0,134.0,45.0,0.0,1.0,0.0,-0.0,0.0,21:09:47
1027,50300.0,0.0,50290.0,50300.0,0.0,0.0,134.0,45.0,0.0,0.0,0.0,-0.0,0.0,21:09:48
1028,50290.0,6.0,50290.0,50300.0,0.0,0.0,131.0,45.0,-3.0,0.0,0.0,6.0,-6.0,21:09:48
1029,50290.0,0.0,50290.0,50300.0,0.0,0.0,131.0,45.0,0.0,0.0,0.0,-0.0,0.0,21:09:49
1030,50290.0,0.0,50290.0,50300.0,0.0,0.0,131.0,45.0,0.0,0.0,0.0,-0.0,0.0,21:09:51
1031,50290.0,0.0,50290.0,50300.0,0.0,0.0,131.0,45.0,0.0,0.0,0.0,-0.0,0.0,21:09:52
1032,50290.0,20.0,50290.0,50300.0,0.0,0.0,121.0,45.0,-10.0,0.0,0.0,20.0,-20.0,21:09:54
1033,50290.0,0.0,50290.0,50300.0,0.0,0.0,119.0,46.0,-2.0,1.0,0.0,-0.0,0.0,21:09:55
1034,50290.0,0.0,50290.0,50300.0,0.0,0.0,119.0,46.0,0.0,0.0,0.0,-0.0,0.0,21:09:56
1035,50300.0,12.0,50290.0,50300.0,0.0,0.0,120.0,42.0,1.0,-4.0,10.0,2.0,8.0,21:09:56
1036,50300.0,4.0,50290.0,50300.0,0.0,0.0,120.0,39.0,0.0,-3.0,4.0,-0.0,4.0,21:09:57
1037,50300.0,10.0,50290.0,50300.0,0.0,0.0,120.0,34.0,0.0,-5.0,10.0,-0.0,10.0,21:09:59
1038,50290.0,2.0,50290.0,50300.0,0.0,0.0,119.0,35.0,-1.0,1.0,0.0,2.0,-2.0,21:09:59
1039,50290.0,0.0,50290.0,50300.0,0.0,0.0,119.0,38.0,0.0,3.0,0.0,-0.0,0.0,21:10:00
1040,50300.0,6.0,50290.0,50300.0,0.0,0.0,119.0,38.0,0.0,0.0,6.0,-0.0,6.0,21:10:02
1041,50300.0,2.0,50290.0,50300.0,0.0,0.0,119.0,37.0,0.0,-1.0,2.0,-0.0,2.0,21:10:03
1042,50300.0,0.0,50290.0,50300.0,0.0,0.0,120.0,38.0,1.0,1.0,0.0,-0.0,0.0,21:10:03
1043,50300.0,0.0,50290.0,50300.0,0.0,0.0,117.0,38.0,-3.0,0.0,0.0,-0.0,0.0,21:10:04
1044,50290.0,2.0,50290.0,50300.0,0.0,0.0,116.0,38.0,-1.0,0.0,0.0,2.0,-2.0,21:10:04
1045,50290.0,0.0,50290.0,50300.0,0.0,0.0,116.0,38.0,0.0,0.0,0.0,-0.0,0.0,21:10:05
1046,50290.0,0.0,50290.0,50300.0,0.0,0.0,117.0,39.0,1.0,1.0,0.0,-0.0,0.0,21:10:06
1047,50290.0,0.0,50290.0,50300.0,0.0,0.0,119.0,39.0,2.0,0.0,0.0,-0.0,0.0,21:10:06
1048,50290.0,2.0,50290.0,50300.0,0.0,0.0,118.0,39.0,-1.0,0.0,0.0,2.0,-2.0,21:10:07
1049,50300.0,2.0,50290.0,50300.0,0.0,0.0,118.0,38.0,0.0,-1.0,2.0,-0.0,2.0,21:10:08
1050,50300.0,0.0,50290.0,50300.0,0.0,0.0,118.0,38.0,0.0,0.0,0.0,-0.0,0.0,21:10:09
1051,50300.0,0.0,50290.0,50300.0,0.0,0.0,118.0,38.0,0.0,0.0,0.0,-0.0,0.0,21:10:11
1052,50300.0,2.0,50290.0,50300.0,0.0,0.0,125.0,37.0,7.0,-1.0,2.0,-0.0,2.0,21:10:12
1053,50290.0,2.0,50290.0,50300.0,0.0,0.0,124.0,37.0,-1.0,0.0,0.0,2.0,-2.0,21:10:12
1054,50300.0,8.0,50290.0,50300.0,0.0,0.0,124.0,33.0,0.0,-4.0,8.0,-0.0,8.0,21:10:13
1055,50300.0,0.0,50290.0,50300.0,0.0,0.0,124.0,33.0,0.0,0.0,0.0,-0.0,0.0,21:10:16
1056,50300.0,0.0,50290.0,50300.0,0.0,0.0,124.0,33.0,0.0,0.0,0.0,-0.0,0.0,21:10:17
1057,50290.0,4.0,50290.0,50300.0,0.0,0.0,122.0,33.0,-2.0,0.0,0.0,4.0,-4.0,21:10:17
1058,50290.0,0.0,50290.0,50300.0,0.0,0.0,122.0,33.0,0.0,0.0,0.0,-0.0,0.0,21:10:18
1059,50290.0,0.0,50290.0,50300.0,0.0,0.0,115.0,33.0,-7.0,0.0,0.0,-0.0,0.0,21:10:18
1060,50290.0,0.0,50290.0,50300.0,0.0,0.0,115.0,36.0,0.0,3.0,0.0,-0.0,0.0,21:10:19
1061,50290.0,0.0,50290.0,50300.0,0.0,0.0,115.0,37.0,0.0,1.0,0.0,-0.0,0.0,21:10:19
1062,50300.0,2.0,50290.0,50300.0,0.0,0.0,115.0,33.0,0.0,-4.0,2.0,-0.0,2.0,21:10:21
1063,50300.0,0.0,50290.0,50300.0,0.0,0.0,115.0,33.0,0.0,0.0,0.0,-0.0,0.0,21:10:22
1064,50300.0,0.0,50290.0,50300.0,0.0,0.0,115.0,35.0,0.0,2.0,0.0,-0.0,0.0,21:10:22
1065,50300.0,0.0,50290.0,50300.0,0.0,0.0,115.0,35.0,0.0,0.0,0.0,-0.0,0.0,21:10:23
1066,50300.0,0.0,50290.0,50300.0,0.0,0.0,115.0,35.0,0.0,0.0,0.0,-0.0,0.0,21:10:25
1067,50290.0,12.0,50290.0,50300.0,0.0,0.0,107.0,39.0,-8.0,4.0,0.0,12.0,-12.0,21:10:26
1068,50290.0,8.0,50290.0,50300.0,0.0,0.0,103.0,41.0,-4.0,2.0,0.0,8.0,-8.0,21:10:26
1069,50290.0,2.0,50290.0,50300.0,0.0,0.0,102.0,40.0,-1.0,-1.0,0.0,2.0,-2.0,21:10:27
1070,50300.0,4.0,50290.0,50300.0,0.0,0.0,102.0,38.0,0.0,-2.0,4.0,-0.0,4.0,21:10:27
1071,50300.0,0.0,50290.0,50300.0,0.0,0.0,102.0,38.0,0.0,0.0,0.0,-0.0,0.0,21:10:28
1072,50300.0,0.0,50290.0,50300.0,0.0,0.0,104.0,35.0,2.0,-3.0,0.0,-0.0,0.0,21:10:28
1073,50290.0,4.0,50290.0,50300.0,0.0,0.0,102.0,35.0,-2.0,0.0,0.0,4.0,-4.0,21:10:29
1074,50300.0,2.0,50290.0,50300.0,0.0,0.0,103.0,34.0,1.0,-1.0,2.0,-0.0,2.0,21:10:30
1075,50300.0,0.0,50290.0,50300.0,0.0,0.0,105.0,34.0,2.0,0.0,0.0,-0.0,0.0,21:10:30
1076,50300.0,0.0,50290.0,50300.0,0.0,0.0,105.0,35.0,0.0,1.0,0.0,-0.0,0.0,21:10:31
1077,50300.0,0.0,50290.0,50300.0,0.0,0.0,105.0,35.0,0.0,0.0,0.0,-0.0,0.0,21:10:32
1078,50300.0,0.0,50290.0,50300.0,0.0,0.0,104.0,35.0,-1.0,0.0,0.0,-0.0,0.0,21:10:33
1079,50300.0,0.0,50290.0,50300.0,0.0,0.0,102.0,38.0,-2.0,3.0,0.0,-0.0,0.0,21:10:33
1080,50300.0,0.0,50290.0,50300.0,0.0,0.0,102.0,39.0,0.0,1.0,0.0,-0.0,0.0,21:10:34
1081,50300.0,14.0,50290.0,50300.0,0.0,0.0,102.0,32.0,0.0,-7.0,14.0,-0.0,14.0,21:10:35
1082,50300.0,0.0,50290.0,50300.0,0.0,0.0,104.0,31.0,2.0,-1.0,0.0,-0.0,0.0,21:10:35
1083,50300.0,28.0,50290.0,50300.0,0.0,0.0,104.0,18.0,0.0,-13.0,28.0,-0.0,28.0,21:10:36
1084,50300.0,2.0,50290.0,50300.0,0.0,0.0,104.0,22.0,0.0,4.0,2.0,-0.0,2.0,21:10:37
1085,50300.0,0.0,50290.0,50300.0,0.0,0.0,104.0,22.0,0.0,0.0,0.0,-0.0,0.0,21:10:37
1086,50300.0,0.0,50290.0,50300.0,0.0,0.0,104.0,22.0,0.0,0.0,0.0,-0.0,0.0,21:10:38
1087,50300.0,0.0,50290.0,50300.0,0.0,0.0,104.0,24.0,0.0,2.0,0.0,-0.0,0.0,21:10:41
1088,50300.0,0.0,50290.0,50300.0,0.0,0.0,104.0,24.0,0.0,0.0,0.0,-0.0,0.0,21:10:42
1089,50290.0,2.0,50290.0,50300.0,0.0,0.0,103.0,24.0,-1.0,0.0,0.0,2.0,-2.0,21:10:43
1090,50290.0,0.0,50290.0,50300.0,0.0,0.0,101.0,25.0,-2.0,1.0,0.0,-0.0,0.0,21:10:43
1091,50290.0,0.0,50290.0,50300.0,0.0,0.0,101.0,25.0,0.0,0.0,0.0,-0.0,0.0,21:10:44
1092,50290.0,0.0,50290.0,50300.0,0.0,0.0,100.0,25.0,-1.0,0.0,0.0,-0.0,0.0,21:10:45
1093,50290.0,0.0,50290.0,50300.0,0.0,0.0,100.0,25.0,0.0,0.0,0.0,-0.0,0.0,21:10:45
1094,50290.0,0.0,50290.0,50300.0,0.0,0.0,100.0,24.0,0.0,-1.0,0.0,-0.0,0.0,21:10:49
1095,50290.0,2.0,50290.0,50300.0,0.0,0.0,101.0,23.0,1.0,-1.0,0.0,2.0,-2.0,21:10:50
1096,50290.0,0.0,50290.0,50300.0,0.0,0.0,102.0,26.0,1.0,3.0,0.0,-0.0,0.0,21:10:50
1097,50290.0,0.0,50290.0,50300.0,0.0,0.0,102.0,26.0,0.0,0.0,0.0,-0.0,0.0,21:10:51
1098,50290.0,2.0,50290.0,50300.0,0.0,0.0,101.0,27.0,-1.0,1.0,0.0,2.0,-2.0,21:10:53
1099,50290.0,0.0,50290.0,50300.0,0.0,0.0,101.0,28.0,0.0,1.0,0.0,-0.0,0.0,21:10:54
1100,50290.0,0.0,50290.0,50300.0,0.0,0.0,101.0,28.0,0.0,0.0,0.0,-0.0,0.0,21:10:55
1101,50290.0,0.0,50290.0,50300.0,0.0,0.0,101.0,29.0,0.0,1.0,0.0,-0.0,0.0,21:10:57
1102,50290.0,0.0,50290.0,50300.0,0.0,0.0,101.0,30.0,0.0,1.0,0.0,-0.0,0.0,21:10:57
1103,50290.0,0.0,50290.0,50300.0,0.0,0.0,101.0,30.0,0.0,0.0,0.0,-0.0,0.0,21:10:58
1104,50290.0,0.0,50290.0,50300.0,0.0,0.0,101.0,30.0,0.0,0.0,0.0,-0.0,0.0,21:10:58
1105,50290.0,0.0,50290.0,50300.0,0.0,0.0,101.0,30.0,0.0,0.0,0.0,-0.0,0.0,21:11:00
1106,50300.0,2.0,50290.0,50300.0,0.0,0.0,101.0,29.0,0.0,-1.0,2.0,-0.0,2.0,21:11:01
1107,50300.0,0.0,50290.0,50300.0,0.0,0.0,101.0,28.0,0.0,-1.0,0.0,-0.0,0.0,21:11:01
1108,50300.0,0.0,50290.0,50300.0,0.0,0.0,101.0,28.0,0.0,0.0,0.0,-0.0,0.0,21:11:02
1109,50300.0,0.0,50290.0,50300.0,0.0,0.0,101.0,28.0,0.0,0.0,0.0,-0.0,0.0,21:11:02
1110,50300.0,0.0,50290.0,50300.0,0.0,0.0,101.0,28.0,0.0,0.0,0.0,-0.0,0.0,21:11:04
1111,50300.0,0.0,50290.0,50300.0,0.0,0.0,101.0,31.0,0.0,3.0,0.0,-0.0,0.0,21:11:07
1112,50300.0,0.0,50290.0,50300.0,0.0,0.0,101.0,32.0,0.0,1.0,0.0,-0.0,0.0,21:11:07
1113,50300.0,0.0,50290.0,50300.0,0.0,0.0,101.0,29.0,0.0,-3.0,0.0,-0.0,0.0,21:11:08
1114,50300.0,0.0,50290.0,50300.0,0.0,0.0,101.0,29.0,0.0,0.0,0.0,-0.0,0.0,21:11:09
1115,50300.0,54.0,50290.0,50300.0,0.0,0.0,102.0,2.0,1.0,-27.0,54.0,-0.0,54.0,21:11:09
1116,50300.0,4.0,50300.0,50310.0,1.0,1.0,11.0,39.0,0.0,0.0,4.0,0.0,4.0,21:11:10
1117,50300.0,4.0,50300.0,50310.0,0.0,0.0,5.0,47.0,-6.0,8.0,0.0,4.0,-4.0,21:11:10
1118,50300.0,24.0,50290.0,50300.0,-1.0,-1.0,102.0,2.0,0.0,0.0,0.0,24.0,-24.0,21:11:11
1119,50300.0,2.0,50290.0,50300.0,0.0,0.0,102.0,11.0,0.0,9.0,2.0,-0.0,2.0,21:11:11
1120,50300.0,0.0,50290.0,50300.0,0.0,0.0,102.0,11.0,0.0,0.0,0.0,-0.0,0.0,21:11:13
1121,50300.0,0.0,50290.0,50300.0,0.0,0.0,102.0,13.0,0.0,2.0,0.0,-0.0,0.0,21:11:13
1122,50300.0,2.0,50290.0,50300.0,0.0,0.0,102.0,14.0,0.0,1.0,2.0,-0.0,2.0,21:11:14
1123,50300.0,0.0,50290.0,50300.0,0.0,0.0,102.0,15.0,0.0,1.0,0.0,-0.0,0.0,21:11:16
1124,50300.0,2.0,50290.0,50300.0,0.0,0.0,102.0,14.0,0.0,-1.0,2.0,-0.0,2.0,21:11:16
1125,50300.0,0.0,50290.0,50300.0,0.0,0.0,103.0,14.0,1.0,0.0,0.0,-0.0,0.0,21:11:17
1126,50300.0,4.0,50290.0,50300.0,0.0,0.0,103.0,12.0,0.0,-2.0,4.0,-0.0,4.0,21:11:19
1127,50300.0,4.0,50290.0,50300.0,0.0,0.0,103.0,10.0,0.0,-2.0,4.0,-0.0,4.0,21:11:19
1128,50300.0,4.0,50290.0,50300.0,0.0,0.0,103.0,6.0,0.0,-4.0,4.0,-0.0,4.0,21:11:20
1129,50300.0,0.0,50290.0,50300.0,0.0,0.0,101.0,3.0,-2.0,-3.0,0.0,-0.0,0.0,21:11:20
1130,50300.0,0.0,50290.0,50300.0,0.0,0.0,101.0,7.0,0.0,4.0,0.0,-0.0,0.0,21:11:21
1131,50300.0,0.0,50290.0,50300.0,0.0,0.0,101.0,7.0,0.0,0.0,0.0,-0.0,0.0,21:11:21
1132,50300.0,2.0,50290.0,50300.0,0.0,0.0,101.0,8.0,0.0,1.0,2.0,-0.0,2.0,21:11:22
1133,50300.0,0.0,50290.0,50300.0,0.0,0.0,101.0,12.0,0.0,4.0,0.0,-0.0,0.0,21:11:22
1134,50300.0,0.0,50290.0,50300.0,0.0,0.0,101.0,14.0,0.0,2.0,0.0,-0.0,0.0,21:11:23
1135,50300.0,10.0,50290.0,50300.0,0.0,0.0,101.0,9.0,0.0,-5.0,10.0,-0.0,10.0,21:11:23
1136,50300.0,0.0,50290.0,50300.0,0.0,0.0,101.0,13.0,0.0,4.0,0.0,-0.0,0.0,21:11:24
1137,50300.0,0.0,50290.0,50300.0,0.0,0.0,101.0,17.0,0.0,4.0,0.0,-0.0,0.0,21:11:24
1138,50300.0,0.0,50290.0,50300.0,0.0,0.0,99.0,26.0,-2.0,9.0,0.0,-0.0,0.0,21:11:25
1139,50300.0,0.0,50290.0,50300.0,0.0,0.0,99.0,29.0,0.0,3.0,0.0,-0.0,0.0,21:11:25
1140,50290.0,4.0,50290.0,50300.0,0.0,0.0,97.0,29.0,-2.0,0.0,0.0,4.0,-4.0,21:11:26
1141,50290.0,2.0,50290.0,50300.0,0.0,0.0,96.0,30.0,-1.0,1.0,0.0,2.0,-2.0,21:11:27
1142,50290.0,0.0,50290.0,50300.0,0.0,0.0,96.0,29.0,0.0,-1.0,0.0,-0.0,0.0,21:11:28
1143,50290.0,0.0,50290.0,50300.0,0.0,0.0,96.0,31.0,0.0,2.0,0.0,-0.0,0.0,21:11:28
1144,50290.0,0.0,50290.0,50300.0,0.0,0.0,96.0,31.0,0.0,0.0,0.0,-0.0,0.0,21:11:29
1145,50300.0,12.0,50290.0,50300.0,0.0,0.0,96.0,21.0,0.0,-10.0,12.0,-0.0,12.0,21:11:30
1146,50300.0,4.0,50290.0,50300.0,0.0,0.0,98.0,12.0,2.0,-9.0,4.0,-0.0,4.0,21:11:30
1147,50300.0,24.0,50300.0,50310.0,1.0,1.0,4.0,39.0,0.0,0.0,24.0,0.0,24.0,21:11:31
1148,50300.0,0.0,50300.0,50310.0,0.0,0.0,7.0,43.0,3.0,4.0,0.0,-0.0,0.0,21:11:31
1149,50300.0,2.0,50300.0,50310.0,0.0,0.0,6.0,42.0,-1.0,-1.0,0.0,2.0,-2.0,21:11:32
1150,50290.0,26.0,50290.0,50300.0,-1.0,-1.0,93.0,4.0,0.0,0.0,0.0,26.0,-26.0,21:11:32
1151,50290.0,84.0,50290.0,50300.0,0.0,0.0,51.0,16.0,-42.0,12.0,0.0,84.0,-84.0,21:11:33
1152,50290.0,100.0,50280.0,50290.0,-1.0,-1.0,34.0,6.0,0.0,0.0,0.0,100.0,-100.0,21:11:33
1153,50290.0,4.0,50280.0,50290.0,0.0,0.0,31.0,19.0,-3.0,13.0,2.0,2.0,0.0,21:11:34
1154,50290.0,2.0,50280.0,50290.0,0.0,0.0,22.0,21.0,-9.0,2.0,2.0,-0.0,2.0,21:11:34
1155,50290.0,0.0,50280.0,50290.0,0.0,0.0,22.0,21.0,0.0,0.0,0.0,-0.0,0.0,21:11:35
1156,50290.0,0.0,50280.0,50290.0,0.0,0.0,22.0,24.0,0.0,3.0,0.0,-0.0,0.0,21:11:35
1157,50290.0,0.0,50280.0,50290.0,0.0,0.0,22.0,26.0,0.0,2.0,0.0,-0.0,0.0,21:11:36
1158,50290.0,2.0,50280.0,50290.0,0.0,0.0,20.0,25.0,-2.0,-1.0,2.0,-0.0,2.0,21:11:36
1159,50290.0,0.0,50280.0,50290.0,0.0,0.0,19.0,24.0,-1.0,-1.0,0.0,-0.0,0.0,21:11:37
1160,50290.0,0.0,50280.0,50290.0,0.0,0.0,19.0,24.0,0.0,0.0,0.0,-0.0,0.0,21:11:37
1161,50290.0,0.0,50280.0,50290.0,0.0,0.0,20.0,21.0,1.0,-3.0,0.0,-0.0,0.0,21:11:38
1162,50290.0,0.0,50280.0,50290.0,0.0,0.0,24.0,18.0,4.0,-3.0,0.0,-0.0,0.0,21:11:38
1163,50280.0,10.0,50280.0,50290.0,0.0,0.0,17.0,18.0,-7.0,0.0,0.0,10.0,-10.0,21:11:39
1164,50290.0,52.0,50290.0,50300.0,1.0,1.0,29.0,26.0,0.0,0.0,52.0,0.0,52.0,21:11:39
1165,50290.0,12.0,50290.0,50300.0,0.0,0.0,28.0,32.0,-1.0,6.0,0.0,12.0,-12.0,21:11:40
1166,50290.0,2.0,50290.0,50300.0,0.0,0.0,27.0,33.0,-1.0,1.0,0.0,2.0,-2.0,21:11:40
1167,50290.0,0.0,50290.0,50300.0,0.0,0.0,27.0,33.0,0.0,0.0,0.0,-0.0,0.0,21:11:41
1168,50290.0,0.0,50290.0,50300.0,0.0,0.0,29.0,32.0,2.0,-1.0,0.0,-0.0,0.0,21:11:41
1169,50290.0,0.0,50290.0,50300.0,0.0,0.0,29.0,31.0,0.0,-1.0,0.0,-0.0,0.0,21:11:42
1170,50290.0,0.0,50290.0,50300.0,0.0,0.0,39.0,31.0,10.0,0.0,0.0,-0.0,0.0,21:11:42
1171,50300.0,2.0,50290.0,50300.0,0.0,0.0,39.0,28.0,0.0,-3.0,2.0,-0.0,2.0,21:11:43
1172,50300.0,0.0,50290.0,50300.0,0.0,0.0,39.0,28.0,0.0,0.0,0.0,-0.0,0.0,21:11:43
1173,50300.0,12.0,50290.0,50300.0,0.0,0.0,39.0,22.0,0.0,-6.0,12.0,-0.0,12.0,21:11:44
1174,50300.0,0.0,50290.0,50300.0,0.0,0.0,40.0,22.0,1.0,0.0,0.0,-0.0,0.0,21:11:44
1175,50300.0,0.0,50290.0,50300.0,0.0,0.0,42.0,19.0,2.0,-3.0,0.0,-0.0,0.0,21:11:45
1176,50300.0,2.0,50290.0,50300.0,0.0,0.0,42.0,19.0,0.0,0.0,2.0,-0.0,2.0,21:11:46
1177,50290.0,2.0,50290.0,50300.0,0.0,0.0,41.0,19.0,-1.0,0.0,0.0,2.0,-2.0,21:11:46
1178,50290.0,0.0,50290.0,50300.0,0.0,0.0,41.0,22.0,0.0,3.0,0.0,-0.0,0.0,21:11:47
1179,50290.0,0.0,50290.0,50300.0,0.0,0.0,39.0,25.0,-2.0,3.0,0.0,-0.0,0.0,21:11:48
1180,50290.0,0.0,50290.0,50300.0,0.0,0.0,39.0,25.0,0.0,0.0,0.0,-0.0,0.0,21:11:48
1181,50290.0,0.0,50290.0,50300.0,0.0,0.0,38.0,25.0,-1.0,0.0,0.0,-0.0,0.0,21:11:49
1182,50290.0,0.0,50290.0,50300.0,0.0,0.0,38.0,30.0,0.0,5.0,0.0,-0.0,0.0,21:11:49
1183,50290.0,0.0,50290.0,50300.0,0.0,0.0,38.0,30.0,0.0,0.0,0.0,-0.0,0.0,21:11:50
1184,50290.0,0.0,50290.0,50300.0,0.0,0.0,38.0,30.0,0.0,0.0,0.0,-0.0,0.0,21:11:51
1185,50290.0,0.0,50290.0,50300.0,0.0,0.0,41.0,27.0,3.0,-3.0,0.0,-0.0,0.0,21:11:52
1186,50290.0,0.0,50290.0,50300.0,0.0,0.0,41.0,25.0,0.0,-2.0,0.0,-0.0,0.0,21:11:52
1187,50290.0,0.0,50290.0,50300.0,0.0,0.0,41.0,25.0,0.0,0.0,0.0,-0.0,0.0,21:11:53
1188,50290.0,0.0,50290.0,50300.0,0.0,0.0,36.0,25.0,-5.0,0.0,0.0,-0.0,0.0,21:11:53
1189,50290.0,0.0,50290.0,50300.0,0.0,0.0,86.0,25.0,50.0,0.0,0.0,-0.0,0.0,21:11:54
1190,50300.0,6.0,50290.0,50300.0,0.0,0.0,87.0,17.0,1.0,-8.0,6.0,-0.0,6.0,21:11:54
1191,50300.0,0.0,50290.0,50300.0,0.0,0.0,88.0,13.0,1.0,-4.0,0.0,-0.0,0.0,21:11:55
1192,50300.0,26.0,50290.0,50300.0,0.0,0.0,89.0,5.0,1.0,-8.0,26.0,-0.0,26.0,21:11:55
1193,50310.0,12.0,50300.0,50310.0,1.0,1.0,2.0,42.0,0.0,0.0,12.0,0.0,12.0,21:11:56
1194,50300.0,4.0,50300.0,50310.0,0.0,0.0,4.0,45.0,2.0,3.0,0.0,4.0,-4.0,21:11:56
1195,50300.0,0.0,50300.0,50310.0,0.0,0.0,3.0,45.0,-1.0,0.0,0.0,-0.0,0.0,21:11:57
1196,50300.0,2.0,50300.0,50310.0,0.0,0.0,5.0,45.0,2.0,0.0,0.0,2.0,-2.0,21:11:57
1197,50300.0,0.0,50300.0,50310.0,0.0,0.0,1.0,45.0,-4.0,0.0,0.0,-0.0,0.0,21:11:58
1198,50300.0,12.0,50290.0,50300.0,-1.0,-1.0,90.0,1.0,0.0,0.0,0.0,12.0,-12.0,21:11:58
1199,50300.0,8.0,50300.0,50310.0,1.0,1.0,1.0,40.0,0.0,0.0,8.0,0.0,8.0,21:11:59
1200,50300.0,10.0,50290.0,50300.0,-1.0,-1.0,89.0,24.0,0.0,0.0,0.0,10.0,-10.0,21:11:59
1201,50300.0,0.0,50290.0,50300.0,0.0,0.0,89.0,26.0,0.0,2.0,0.0,-0.0,0.0,21:12:00
1202,50290.0,2.0,50290.0,50300.0,0.0,0.0,88.0,26.0,-1.0,0.0,0.0,2.0,-2.0,21:12:00
1203,50300.0,10.0,50290.0,50300.0,0.0,0.0,88.0,21.0,0.0,-5.0,10.0,-0.0,10.0,21:12:04
1204,50300.0,0.0,50290.0,50300.0,0.0,0.0,88.0,23.0,0.0,2.0,0.0,-0.0,0.0,21:12:05
1205,50290.0,4.0,50290.0,50300.0,0.0,0.0,87.0,23.0,-1.0,0.0,2.0,2.0,0.0,21:12:06
1206,50300.0,2.0,50290.0,50300.0,0.0,0.0,87.0,22.0,0.0,-1.0,2.0,-0.0,2.0,21:12:06
1207,50300.0,0.0,50290.0,50300.0,0.0,0.0,87.0,22.0,0.0,0.0,0.0,-0.0,0.0,21:12:07
1208,50300.0,0.0,50290.0,50300.0,0.0,0.0,87.0,21.0,0.0,-1.0,0.0,-0.0,0.0,21:12:08
1209,50300.0,0.0,50290.0,50300.0,0.0,0.0,87.0,20.0,0.0,-1.0,0.0,-0.0,0.0,21:12:08
1210,50300.0,0.0,50290.0,50300.0,0.0,0.0,87.0,20.0,0.0,0.0,0.0,-0.0,0.0,21:12:09
1211,50300.0,0.0,50290.0,50300.0,0.0,0.0,87.0,20.0,0.0,0.0,0.0,-0.0,0.0,21:12:09
1212,50300.0,0.0,50290.0,50300.0,0.0,0.0,87.0,20.0,0.0,0.0,0.0,-0.0,0.0,21:12:10
1213,50290.0,10.0,50290.0,50300.0,0.0,0.0,82.0,20.0,-5.0,0.0,0.0,10.0,-10.0,21:12:10
1214,50290.0,0.0,50290.0,50300.0,0.0,0.0,82.0,21.0,0.0,1.0,0.0,-0.0,0.0,21:12:11
1215,50290.0,0.0,50290.0,50300.0,0.0,0.0,82.0,22.0,0.0,1.0,0.0,-0.0,0.0,21:12:11
1216,50290.0,0.0,50290.0,50300.0,0.0,0.0,82.0,22.0,0.0,0.0,0.0,-0.0,0.0,21:12:12
1217,50290.0,0.0,50290.0,50300.0,0.0,0.0,85.0,22.0,3.0,0.0,0.0,-0.0,0.0,21:12:12
1218,50290.0,0.0,50290.0,50300.0,0.0,0.0,85.0,21.0,0.0,-1.0,0.0,-0.0,0.0,21:12:13
1219,50290.0,0.0,50290.0,50300.0,0.0,0.0,85.0,21.0,0.0,0.0,0.0,-0.0,0.0,21:12:14
1220,50300.0,2.0,50290.0,50300.0,0.0,0.0,85.0,22.0,0.0,1.0,2.0,-0.0,2.0,21:12:14
1221,50300.0,0.0,50290.0,50300.0,0.0,0.0,85.0,23.0,0.0,1.0,0.0,-0.0,0.0,21:12:15
1222,50300.0,0.0,50290.0,50300.0,0.0,0.0,86.0,23.0,1.0,0.0,0.0,-0.0,0.0,21:12:16
1223,50300.0,0.0,50290.0,50300.0,0.0,0.0,86.0,24.0,0.0,1.0,0.0,-0.0,0.0,21:12:16
1224,50300.0,0.0,50290.0,50300.0,0.0,0.0,86.0,25.0,0.0,1.0,0.0,-0.0,0.0,21:12:17
1225,50300.0,0.0,50290.0,50300.0,0.0,0.0,86.0,31.0,0.0,6.0,0.0,-0.0,0.0,21:12:19
1226,50300.0,48.0,50290.0,50300.0,0.0,0.0,84.0,9.0,-2.0,-22.0,48.0,-0.0,48.0,21:12:19
1227,50300.0,18.0,50290.0,50310.0,0.0,1.0,88.0,42.0,4.0,0.0,18.0,-0.0,18.0,21:12:20
1228,50300.0,0.0,50290.0,50310.0,0.0,0.0,88.0,38.0,0.0,-4.0,0.0,-0.0,0.0,21:12:20
1229,50300.0,2.0,50290.0,50300.0,0.0,-1.0,88.0,2.0,0.0,0.0,1.0,1.0,0.0,21:12:21
