,bidPrice1,bidVolume1,bid_vol_change,buy_tick_volume,askPrice1,askVolume1,ask_vol_change,sell_tick_volume,tick_volume,buy_minus_sell_volume,updateTime
0,50440.0,17.0,,0.0,50450.0,36.0,,944.0,944.0,,20:59:00
1,50450.0,29.0,0.0,254.0,50460.0,23.0,0.0,0.0,254.0,254.0,21:00:00
2,50470.0,45.0,0.0,370.0,50480.0,23.0,0.0,0.0,370.0,370.0,21:00:01
3,50470.0,62.0,17.0,38.0,50480.0,5.0,-18.0,56.0,94.0,-18.0,21:00:01
4,50480.0,20.0,0.0,50.0,50490.0,55.0,0.0,0.0,50.0,50.0,21:00:02
5,50480.0,33.0,13.0,40.0,50490.0,37.0,-18.0,26.0,66.0,14.0,21:00:02
6,50480.0,39.0,6.0,38.0,50490.0,16.0,-21.0,22.0,60.0,16.0,21:00:03
7,50490.0,26.0,0.0,28.0,50500.0,47.0,0.0,0.0,28.0,28.0,21:00:03
8,50500.0,3.0,0.0,122.0,50510.0,13.0,0.0,0.0,122.0,122.0,21:00:04
9,50500.0,1.0,-2.0,-16.0,50510.0,8.0,-5.0,156.0,140.0,-172.0,21:00:04
10,50500.0,2.0,1.0,30.0,50510.0,5.0,-3.0,54.0,84.0,-24.0,21:00:05
11,50480.0,102.0,0.0,0.0,50490.0,1.0,0.0,146.0,146.0,-146.0,21:00:05
12,50510.0,48.0,0.0,58.0,50520.0,17.0,0.0,0.0,58.0,58.0,21:00:06
13,50510.0,41.0,-7.0,24.0,50520.0,16.0,-1.0,24.0,48.0,0.0,21:00:06
14,50510.0,30.0,-11.0,20.0,50520.0,11.0,-5.0,34.0,54.0,-14.0,21:00:07
15,50510.0,29.0,-1.0,36.0,50520.0,2.0,-9.0,16.0,52.0,20.0,21:00:07
16,50510.0,29.0,0.0,10.0,50520.0,5.0,3.0,22.0,32.0,-12.0,21:00:08
17,50510.0,40.0,11.0,16.0,50520.0,8.0,3.0,24.0,40.0,-8.0,21:00:08
18,50510.0,46.0,6.0,18.0,50520.0,21.0,13.0,16.0,34.0,2.0,21:00:09
19,50510.0,45.0,-1.0,12.0,50520.0,19.0,-2.0,12.0,24.0,0.0,21:00:09
20,50520.0,3.0,0.0,64.0,50530.0,13.0,0.0,0.0,64.0,64.0,21:00:10
21,50520.0,16.0,13.0,32.0,50530.0,15.0,2.0,6.0,38.0,26.0,21:00:10
22,50520.0,33.0,17.0,14.0,50530.0,10.0,-5.0,4.0,18.0,10.0,21:00:11
23,50530.0,2.0,0.0,30.0,50540.0,19.0,0.0,0.0,30.0,30.0,21:00:11
24,50520.0,34.0,0.0,0.0,50530.0,1.0,0.0,36.0,36.0,-36.0,21:00:12
25,50540.0,13.0,0.0,56.0,50550.0,10.0,0.0,0.0,56.0,56.0,21:00:12
26,50520.0,25.0,0.0,0.0,50540.0,9.0,0.0,162.0,162.0,-162.0,21:00:13
27,50510.0,42.0,0.0,0.0,50520.0,2.0,0.0,132.0,132.0,-132.0,21:00:13
28,50520.0,2.0,0.0,82.0,50530.0,5.0,0.0,0.0,82.0,82.0,21:00:14
29,50520.0,24.0,22.0,4.0,50530.0,18.0,13.0,18.0,22.0,-14.0,21:00:14
30,50510.0,61.0,0.0,0.0,50520.0,3.0,0.0,64.0,64.0,-64.0,21:00:15
31,50520.0,5.0,0.0,42.0,50530.0,8.0,0.0,0.0,42.0,42.0,21:00:15
32,50520.0,10.0,5.0,10.0,50530.0,32.0,24.0,18.0,28.0,-8.0,21:00:16
33,50520.0,3.0,-7.0,4.0,50530.0,32.0,0.0,20.0,24.0,-16.0,21:00:16
34,50510.0,79.0,0.0,0.0,50520.0,1.0,0.0,16.0,16.0,-16.0,21:00:17
35,50510.0,79.0,0.0,10.0,50520.0,8.0,7.0,6.0,16.0,4.0,21:00:17
36,50510.0,71.0,-8.0,10.0,50520.0,6.0,-2.0,8.0,18.0,2.0,21:00:18
37,50520.0,5.0,0.0,38.0,50530.0,26.0,0.0,0.0,38.0,38.0,21:00:18
38,50510.0,72.0,0.0,12.0,50530.0,28.0,2.0,10.0,22.0,2.0,21:00:19
39,50510.0,70.0,-2.0,0.0,50520.0,14.0,0.0,4.0,4.0,-4.0,21:00:19
40,50510.0,35.0,-35.0,32.0,50520.0,1.0,-13.0,72.0,104.0,-40.0,21:00:20
41,50510.0,39.0,4.0,6.0,50520.0,13.0,12.0,2.0,8.0,4.0,21:00:20
42,50510.0,38.0,-1.0,10.0,50520.0,3.0,-10.0,2.0,12.0,8.0,21:00:21
43,50510.0,40.0,2.0,16.0,50520.0,4.0,1.0,-0.0,16.0,16.0,21:00:21
44,50510.0,39.0,-1.0,16.0,50520.0,2.0,-2.0,4.0,20.0,12.0,21:00:22
45,50520.0,84.0,0.0,10.0,50530.0,34.0,0.0,0.0,10.0,10.0,21:00:22
46,50520.0,88.0,4.0,2.0,50530.0,32.0,-2.0,-0.0,2.0,2.0,21:00:23
47,50520.0,74.0,-14.0,28.0,50530.0,18.0,-14.0,34.0,62.0,-6.0,21:00:23
48,50520.0,70.0,-4.0,0.0,50530.0,17.0,-1.0,40.0,40.0,-40.0,21:00:24
49,50530.0,2.0,0.0,38.0,50540.0,25.0,0.0,0.0,38.0,38.0,21:00:24
50,50520.0,69.0,0.0,0.0,50530.0,7.0,0.0,12.0,12.0,-12.0,21:00:25
51,50520.0,59.0,-10.0,14.0,50530.0,1.0,-6.0,22.0,36.0,-8.0,21:00:25
52,50520.0,58.0,-1.0,4.0,50530.0,1.0,0.0,2.0,6.0,2.0,21:00:26
53,50520.0,56.0,-2.0,0.0,50530.0,2.0,1.0,8.0,8.0,-8.0,21:00:26
54,50530.0,5.0,0.0,38.0,50540.0,33.0,0.0,0.0,38.0,38.0,21:00:27
55,50530.0,10.0,5.0,14.0,50540.0,27.0,-6.0,14.0,28.0,0.0,21:00:27
56,50530.0,17.0,7.0,14.0,50540.0,16.0,-11.0,52.0,66.0,-38.0,21:00:28
57,50530.0,29.0,12.0,16.0,50540.0,5.0,-11.0,12.0,28.0,4.0,21:00:28
58,50530.0,35.0,6.0,10.0,50540.0,3.0,-2.0,4.0,14.0,6.0,21:00:29
59,50540.0,19.0,0.0,14.0,50550.0,25.0,0.0,0.0,14.0,14.0,21:00:29
60,50540.0,32.0,13.0,2.0,50550.0,27.0,2.0,6.0,8.0,-4.0,21:00:30
61,50540.0,11.0,-21.0,8.0,50550.0,21.0,-6.0,36.0,44.0,-28.0,21:00:30
62,50550.0,10.0,0.0,56.0,50560.0,6.0,0.0,0.0,56.0,56.0,21:00:31
63,50550.0,23.0,13.0,8.0,50560.0,16.0,10.0,12.0,20.0,-4.0,21:00:31
64,50550.0,5.0,-18.0,4.0,50560.0,15.0,-1.0,30.0,34.0,-26.0,21:00:32
65,50540.0,50.0,0.0,0.0,50550.0,31.0,0.0,16.0,16.0,-16.0,21:00:32
66,50540.0,61.0,11.0,16.0,50550.0,29.0,-2.0,-0.0,16.0,16.0,21:00:33
67,50540.0,39.0,-22.0,20.0,50550.0,26.0,-3.0,18.0,38.0,2.0,21:00:33
68,50540.0,11.0,-28.0,10.0,50550.0,22.0,-4.0,2.0,12.0,8.0,21:00:34
69,50520.0,27.0,0.0,0.0,50540.0,14.0,0.0,122.0,122.0,-122.0,21:00:34
70,50530.0,12.0,0.0,68.0,50540.0,7.0,-7.0,12.0,80.0,56.0,21:00:35
71,50540.0,13.0,0.0,24.0,50550.0,41.0,0.0,0.0,24.0,24.0,21:00:35
72,50550.0,8.0,0.0,86.0,50560.0,16.0,0.0,0.0,86.0,86.0,21:00:36
73,50560.0,1.0,0.0,52.0,50570.0,12.0,0.0,0.0,52.0,52.0,21:00:36
74,50550.0,39.0,0.0,0.0,50560.0,1.0,0.0,48.0,48.0,-48.0,21:00:37
75,50560.0,8.0,0.0,2.0,50570.0,8.0,0.0,0.0,2.0,2.0,21:00:37
76,50560.0,1.0,-7.0,-18.0,50570.0,2.0,-6.0,108.0,90.0,-126.0,21:00:38
77,50560.0,11.0,10.0,16.0,50570.0,18.0,16.0,28.0,44.0,-12.0,21:00:38
78,50560.0,14.0,3.0,12.0,50570.0,13.0,-5.0,8.0,20.0,4.0,21:00:39
79,50550.0,27.0,0.0,0.0,50560.0,2.0,0.0,44.0,44.0,-44.0,21:00:39
80,50550.0,24.0,-3.0,28.0,50560.0,7.0,5.0,2.0,30.0,26.0,21:00:40
81,50550.0,24.0,0.0,4.0,50560.0,4.0,-3.0,-0.0,4.0,4.0,21:00:40
82,50560.0,4.0,0.0,28.0,50570.0,21.0,0.0,0.0,28.0,28.0,21:00:41
83,50550.0,19.0,0.0,0.0,50560.0,9.0,0.0,24.0,24.0,-24.0,21:00:41
84,50550.0,22.0,3.0,4.0,50560.0,17.0,8.0,8.0,12.0,-4.0,21:00:42
85,50560.0,3.0,0.0,86.0,50570.0,52.0,0.0,0.0,86.0,86.0,21:00:42
86,50540.0,14.0,0.0,0.0,50560.0,3.0,0.0,38.0,38.0,-38.0,21:00:43
87,50540.0,39.0,25.0,18.0,50550.0,6.0,0.0,4.0,22.0,14.0,21:00:43
88,50550.0,1.0,0.0,82.0,50560.0,29.0,0.0,0.0,82.0,82.0,21:00:44
89,50540.0,25.0,0.0,0.0,50550.0,3.0,0.0,12.0,12.0,-12.0,21:00:44
90,50540.0,32.0,7.0,10.0,50550.0,6.0,3.0,-0.0,10.0,10.0,21:00:45
91,50540.0,3.0,-29.0,0.0,50550.0,17.0,11.0,66.0,66.0,-66.0,21:00:45
92,50530.0,18.0,0.0,0.0,50540.0,19.0,0.0,16.0,16.0,-16.0,21:00:46
93,50530.0,14.0,-4.0,12.0,50540.0,19.0,0.0,2.0,14.0,10.0,21:00:46
94,50530.0,17.0,3.0,8.0,50540.0,19.0,0.0,6.0,14.0,2.0,21:00:47
95,50530.0,6.0,-11.0,10.0,50540.0,13.0,-6.0,38.0,48.0,-28.0,21:00:47
96,50530.0,27.0,21.0,4.0,50540.0,11.0,-2.0,-0.0,4.0,4.0,21:00:48
97,50530.0,28.0,1.0,0.0,50540.0,16.0,5.0,4.0,4.0,-4.0,21:00:48
98,50530.0,2.0,-26.0,0.0,50540.0,18.0,2.0,32.0,32.0,-32.0,21:00:49
99,50520.0,42.0,0.0,0.0,50530.0,19.0,0.0,28.0,28.0,-28.0,21:00:49
100,50520.0,40.0,-2.0,2.0,50530.0,16.0,-3.0,-0.0,2.0,2.0,21:00:50
101,50520.0,38.0,-2.0,16.0,50530.0,27.0,11.0,4.0,20.0,12.0,21:00:50
102,50520.0,38.0,0.0,2.0,50530.0,31.0,4.0,-0.0,2.0,2.0,21:00:51
103,50520.0,37.0,-1.0,47.0,50540.0,8.0,0.0,31.0,78.0,16.0,21:00:51
104,50520.0,3.0,-34.0,4.0,50530.0,1.0,0.0,80.0,84.0,-76.0,21:00:52
105,50520.0,9.0,6.0,0.0,50530.0,29.0,28.0,22.0,22.0,-22.0,21:00:52
106,50510.0,56.0,0.0,0.0,50520.0,2.0,0.0,8.0,8.0,-8.0,21:00:53
107,50520.0,1.0,0.0,26.0,50530.0,43.0,0.0,0.0,26.0,26.0,21:00:53
108,50520.0,16.0,15.0,4.0,50530.0,44.0,1.0,20.0,24.0,-16.0,21:00:54
109,50520.0,3.0,-13.0,16.0,50530.0,42.0,-2.0,10.0,26.0,6.0,21:00:54
110,50520.0,10.0,7.0,4.0,50530.0,45.0,3.0,-0.0,4.0,4.0,21:00:55
111,50520.0,6.0,-4.0,0.0,50530.0,34.0,-11.0,10.0,10.0,-10.0,21:00:55
112,50510.0,58.0,0.0,0.0,50520.0,10.0,0.0,18.0,18.0,-18.0,21:00:56
113,50520.0,2.0,0.0,50.0,50530.0,21.0,0.0,0.0,50.0,50.0,21:00:56
114,50520.0,4.0,2.0,0.0,50530.0,23.0,2.0,30.0,30.0,-30.0,21:00:57
115,50530.0,1.0,0.0,84.0,50540.0,1.0,0.0,0.0,84.0,84.0,21:00:57
116,50530.0,16.0,15.0,8.0,50540.0,34.0,33.0,4.0,12.0,4.0,21:00:58
117,50530.0,10.0,-6.0,2.0,50540.0,35.0,1.0,22.0,24.0,-20.0,21:00:58
118,50530.0,17.0,7.0,0.0,50540.0,26.0,-9.0,2.0,2.0,-2.0,21:00:59
119,50520.0,27.0,0.0,0.0,50530.0,7.0,0.0,36.0,36.0,-36.0,21:00:59
120,50530.0,10.0,0.0,18.0,50540.0,26.0,0.0,0.0,18.0,18.0,21:01:00
121,50530.0,10.0,0.0,12.0,50540.0,26.0,0.0,10.0,22.0,2.0,21:01:00
122,50520.0,29.0,0.0,0.0,50530.0,22.0,0.0,16.0,16.0,-16.0,21:01:01
123,50520.0,32.0,3.0,36.0,50530.0,5.0,-17.0,2.0,38.0,34.0,21:01:01
124,50520.0,23.0,-9.0,7.0,50540.0,27.0,0.0,21.0,28.0,-14.0,21:01:02
125,50520.0,27.0,4.0,0.0,50540.0,29.0,2.0,-0.0,0.0,0.0,21:01:02
126,50520.0,19.0,-8.0,0.0,50530.0,1.0,0.0,8.0,8.0,-8.0,21:01:03
127,50520.0,20.0,1.0,0.0,50530.0,17.0,16.0,6.0,6.0,-6.0,21:01:03
128,50520.0,24.0,4.0,59.33333333333334,50550.0,31.0,0.0,48.66666666666666,108.0,10.666666666666671,21:01:04
129,50530.0,11.0,0.0,0.0,50540.0,26.0,0.0,24.0,24.0,-24.0,21:01:04
130,50520.0,20.0,0.0,0.0,50530.0,17.0,0.0,26.0,26.0,-26.0,21:01:05
131,50530.0,85.0,0.0,104.0,50550.0,25.0,0.0,0.0,104.0,104.0,21:01:05
132,50550.0,7.0,0.0,68.0,50560.0,29.0,0.0,0.0,68.0,68.0,21:01:06
133,50550.0,19.0,12.0,28.0,50570.0,39.0,0.0,50.0,78.0,-22.0,21:01:06
134,50550.0,19.0,0.0,30.0,50570.0,31.0,-8.0,14.0,44.0,16.0,21:01:07
135,50570.0,27.0,0.0,76.0,50580.0,9.0,0.0,0.0,76.0,76.0,21:01:07
136,50570.0,36.0,9.0,22.0,50580.0,10.0,1.0,4.0,26.0,18.0,21:01:08
137,50570.0,34.0,-2.0,23.0,50590.0,102.0,0.0,27.0,50.0,-4.0,21:01:08
138,50570.0,33.0,-1.0,8.0,50590.0,95.0,-7.0,4.0,12.0,4.0,21:01:09
139,50580.0,8.0,0.0,0.0,50590.0,95.0,0.0,8.0,8.0,-8.0,21:01:09
140,50570.0,37.0,0.0,0.0,50580.0,1.0,0.0,68.0,68.0,-68.0,21:01:10
141,50570.0,30.0,-7.0,14.0,50580.0,14.0,13.0,30.0,44.0,-16.0,21:01:10
142,50570.0,11.0,-19.0,0.0,50580.0,15.0,1.0,38.0,38.0,-38.0,21:01:11
143,50570.0,12.0,1.0,0.0,50580.0,25.0,10.0,-0.0,0.0,0.0,21:01:11
144,50570.0,5.0,-7.0,32.0,50580.0,11.0,-14.0,26.0,58.0,6.0,21:01:12
145,50580.0,31.0,0.0,52.0,50590.0,93.0,0.0,0.0,52.0,52.0,21:01:12
146,50570.0,15.0,0.0,0.0,50580.0,8.0,0.0,84.0,84.0,-84.0,21:01:13
147,50570.0,10.0,-5.0,2.0,50580.0,8.0,0.0,28.0,30.0,-26.0,21:01:13
148,50570.0,21.0,11.0,0.0,50580.0,28.0,20.0,2.0,2.0,-2.0,21:01:14
149,50570.0,19.0,-2.0,8.0,50580.0,25.0,-3.0,8.0,16.0,0.0,21:01:14
150,50570.0,16.0,-3.0,0.0,50580.0,28.0,3.0,2.0,2.0,-2.0,21:01:15
151,50570.0,9.0,-7.0,8.0,50580.0,27.0,-1.0,14.0,22.0,-6.0,21:01:15
152,50570.0,12.0,3.0,2.0,50580.0,28.0,1.0,4.0,6.0,-2.0,21:01:16
153,50580.0,26.0,0.0,56.0,50590.0,95.0,0.0,0.0,56.0,56.0,21:01:16
154,50580.0,42.0,16.0,60.0,50590.0,65.0,-30.0,2.0,62.0,58.0,21:01:17
155,50580.0,39.0,-3.0,54.0,50590.0,39.0,-26.0,10.0,64.0,44.0,21:01:17
156,50580.0,51.0,12.0,36.0,50590.0,21.0,-18.0,2.0,38.0,34.0,21:01:18
157,50590.0,6.0,0.0,48.0,50600.0,14.0,0.0,0.0,48.0,48.0,21:01:18
158,50590.0,20.0,14.0,10.0,50600.0,22.0,8.0,4.0,14.0,6.0,21:01:19
159,50600.0,2.0,0.0,58.0,50610.0,7.0,0.0,0.0,58.0,58.0,21:01:19
160,50600.0,20.0,18.0,15.0,50620.0,10.0,0.0,35.0,50.0,-20.0,21:01:20
161,50610.0,4.0,0.0,6.0,50620.0,33.0,23.0,6.0,12.0,0.0,21:01:20
162,50600.0,12.0,0.0,0.0,50610.0,11.0,0.0,54.0,54.0,-54.0,21:01:21
163,50590.0,47.0,0.0,0.0,50600.0,16.0,0.0,120.0,120.0,-120.0,21:01:21
164,50590.0,39.0,-8.0,18.0,50600.0,11.0,-5.0,22.0,40.0,-4.0,21:01:22
165,50590.0,32.0,-7.0,8.0,50600.0,8.0,-3.0,6.0,14.0,2.0,21:01:22
166,50590.0,31.0,-1.0,6.0,50600.0,5.0,-3.0,2.0,8.0,4.0,21:01:23
167,50590.0,23.0,-8.0,40.0,50600.0,8.0,3.0,24.0,64.0,16.0,21:01:23
168,50590.0,22.0,-1.0,8.0,50600.0,22.0,14.0,2.0,10.0,6.0,21:01:24
169,50590.0,20.0,-2.0,6.0,50600.0,25.0,3.0,4.0,10.0,2.0,21:01:24
170,50590.0,11.0,-9.0,0.0,50600.0,26.0,1.0,18.0,18.0,-18.0,21:01:25
171,50580.0,45.0,0.0,13.0,50600.0,26.0,0.0,11.0,24.0,2.0,21:01:25
172,50580.0,47.0,2.0,24.0,50590.0,11.0,0.0,-0.0,24.0,24.0,21:01:26
173,50580.0,33.0,-14.0,2.0,50590.0,30.0,19.0,8.0,10.0,-6.0,21:01:26
174,50580.0,30.0,-3.0,0.0,50590.0,31.0,1.0,4.0,4.0,-4.0,21:01:27
175,50580.0,27.0,-3.0,0.0,50590.0,41.0,10.0,8.0,8.0,-8.0,21:01:27
176,50580.0,22.0,-5.0,0.0,50590.0,42.0,1.0,8.0,8.0,-8.0,21:01:28
177,50570.0,14.0,0.0,56.0,50590.0,27.0,-15.0,26.0,82.0,30.0,21:01:28
178,50570.0,23.0,9.0,2.0,50580.0,1.0,0.0,-0.0,2.0,2.0,21:01:29
179,50570.0,26.0,3.0,0.0,50580.0,12.0,11.0,-0.0,0.0,0.0,21:01:29
180,50570.0,23.0,-3.0,0.0,50580.0,17.0,5.0,-0.0,0.0,0.0,21:01:30
181,50580.0,16.0,0.0,74.0,50590.0,14.0,0.0,0.0,74.0,74.0,21:01:30
182,50580.0,1.0,-15.0,10.0,50590.0,28.0,14.0,30.0,40.0,-20.0,21:01:31
183,50570.0,10.0,0.0,0.0,50580.0,27.0,0.0,4.0,4.0,-4.0,21:01:31
184,50560.0,6.0,0.0,17.0,50580.0,22.0,-5.0,17.0,34.0,0.0,21:01:32
185,50560.0,37.0,31.0,0.0,50570.0,5.0,0.0,-0.0,0.0,0.0,21:01:32
186,50570.0,19.0,0.0,38.0,50580.0,26.0,0.0,0.0,38.0,38.0,21:01:33
187,50570.0,20.0,1.0,6.0,50580.0,42.0,16.0,-0.0,6.0,6.0,21:01:33
188,50570.0,15.0,-5.0,6.0,50580.0,39.0,-3.0,10.0,16.0,-4.0,21:01:34
189,50570.0,11.0,-4.0,0.0,50580.0,39.0,0.0,8.0,8.0,-8.0,21:01:34
190,50570.0,10.0,-1.0,2.0,50580.0,38.0,-1.0,4.0,6.0,-2.0,21:01:35
191,50570.0,6.0,-4.0,0.0,50580.0,39.0,1.0,8.0,8.0,-8.0,21:01:35
192,50570.0,3.0,-3.0,0.0,50580.0,40.0,1.0,6.0,6.0,-6.0,21:01:36
193,50570.0,1.0,-2.0,0.0,50580.0,40.0,0.0,6.0,6.0,-6.0,21:01:36
194,50560.0,44.0,0.0,0.0,50570.0,1.0,0.0,4.0,4.0,-4.0,21:01:37
195,50560.0,43.0,-1.0,2.0,50570.0,8.0,7.0,-0.0,2.0,2.0,21:01:37
196,50560.0,31.0,-12.0,2.0,50570.0,14.0,6.0,-0.0,2.0,2.0,21:01:38
197,50560.0,30.0,-1.0,0.0,50570.0,17.0,3.0,-0.0,0.0,0.0,21:01:38
198,50560.0,30.0,0.0,0.0,50570.0,18.0,1.0,-0.0,0.0,0.0,21:01:39
199,50560.0,30.0,0.0,0.0,50570.0,11.0,-7.0,-0.0,0.0,0.0,21:01:39
200,50560.0,23.0,-7.0,22.0,50570.0,2.0,-9.0,0.0,22.0,22.0,21:01:40
201,50570.0,1.0,0.0,14.0,50580.0,39.0,0.0,0.0,14.0,14.0,21:01:40
202,50570.0,3.0,2.0,12.0,50580.0,32.0,-7.0,12.0,24.0,0.0,21:01:41
203,50560.0,24.0,0.0,0.0,50570.0,2.0,0.0,18.0,18.0,-18.0,21:01:41
204,50560.0,24.0,0.0,6.0,50570.0,7.0,5.0,2.0,8.0,4.0,21:01:42
205,50560.0,32.0,8.0,10.0,50570.0,4.0,-3.0,2.0,12.0,8.0,21:01:42
206,50560.0,35.0,3.0,2.0,50570.0,4.0,0.0,-0.0,2.0,2.0,21:01:43
207,50560.0,40.0,5.0,4.0,50570.0,10.0,6.0,-0.0,4.0,4.0,21:01:43
208,50560.0,36.0,-4.0,4.0,50570.0,10.0,0.0,-0.0,4.0,4.0,21:01:44
209,50560.0,38.0,2.0,22.0,50570.0,1.0,-9.0,-0.0,22.0,22.0,21:01:44
210,50570.0,23.0,0.0,6.0,50580.0,32.0,0.0,0.0,6.0,6.0,21:01:45
211,50570.0,18.0,-5.0,0.0,50580.0,32.0,0.0,12.0,12.0,-12.0,21:01:45
212,50570.0,19.0,1.0,0.0,50580.0,35.0,3.0,4.0,4.0,-4.0,21:01:46
213,50570.0,12.0,-7.0,0.0,50580.0,35.0,0.0,10.0,10.0,-10.0,21:01:46
214,50570.0,13.0,1.0,0.0,50580.0,32.0,-3.0,4.0,4.0,-4.0,21:01:47
215,50560.0,44.0,0.0,0.0,50570.0,5.0,0.0,26.0,26.0,-26.0,21:01:47
216,50560.0,59.0,15.0,5.0,50580.0,34.0,0.0,5.0,10.0,0.0,21:01:48
217,50570.0,16.0,0.0,0.0,50580.0,34.0,0.0,-0.0,0.0,0.0,21:01:48
218,50570.0,19.0,3.0,0.0,50580.0,34.0,0.0,-0.0,0.0,0.0,21:01:49
219,50570.0,20.0,1.0,0.0,50580.0,43.0,9.0,-0.0,0.0,0.0,21:01:49
220,50560.0,60.0,0.0,21.0,50580.0,43.0,0.0,21.0,42.0,0.0,21:01:50
221,50570.0,1.0,0.0,0.0,50580.0,43.0,0.0,-0.0,0.0,0.0,21:01:50
222,50560.0,54.0,0.0,0.0,50570.0,6.0,0.0,8.0,8.0,-8.0,21:01:51
223,50560.0,45.0,-9.0,42.0,50570.0,6.0,0.0,-0.0,42.0,42.0,21:01:51
224,50560.0,43.0,-2.0,0.0,50570.0,11.0,5.0,-0.0,0.0,0.0,21:01:52
225,50560.0,43.0,0.0,6.0,50570.0,29.0,18.0,-0.0,6.0,6.0,21:01:52
226,50560.0,40.0,-3.0,0.0,50570.0,31.0,2.0,-0.0,0.0,0.0,21:01:53
227,50560.0,40.0,0.0,18.0,50570.0,23.0,-8.0,-0.0,18.0,18.0,21:01:53
228,50560.0,38.0,-2.0,0.0,50570.0,24.0,1.0,8.0,8.0,-8.0,21:01:54
229,50560.0,36.0,-2.0,0.0,50570.0,24.0,0.0,-0.0,0.0,0.0,21:01:54
230,50560.0,32.0,-4.0,12.0,50570.0,18.0,-6.0,-0.0,12.0,12.0,21:01:55
231,50560.0,32.0,0.0,0.0,50570.0,22.0,4.0,-0.0,0.0,0.0,21:01:55
232,50560.0,31.0,-1.0,0.0,50570.0,22.0,0.0,2.0,2.0,-2.0,21:01:56
233,50560.0,31.0,0.0,0.0,50570.0,22.0,0.0,-0.0,0.0,0.0,21:01:56
234,50560.0,28.0,-3.0,4.0,50570.0,18.0,-4.0,6.0,10.0,-2.0,21:01:57
235,50560.0,31.0,3.0,2.0,50570.0,17.0,-1.0,-0.0,2.0,2.0,21:01:57
236,50560.0,41.0,10.0,2.0,50570.0,15.0,-2.0,2.0,4.0,0.0,21:01:58
237,50560.0,46.0,5.0,0.0,50570.0,15.0,0.0,-0.0,0.0,0.0,21:01:58
238,50560.0,45.0,-1.0,0.0,50570.0,14.0,-1.0,4.0,4.0,-4.0,21:01:59
239,50560.0,45.0,0.0,0.0,50570.0,16.0,2.0,2.0,2.0,-2.0,21:01:59
240,50560.0,41.0,-4.0,0.0,50570.0,20.0,4.0,4.0,4.0,-4.0,21:02:00
241,50560.0,40.0,-1.0,12.0,50570.0,15.0,-5.0,-0.0,12.0,12.0,21:02:00
242,50560.0,40.0,0.0,0.0,50570.0,19.0,4.0,-0.0,0.0,0.0,21:02:01
243,50560.0,41.0,1.0,2.0,50570.0,18.0,-1.0,-0.0,2.0,2.0,21:02:01
244,50560.0,41.0,0.0,0.0,50570.0,19.0,1.0,-0.0,0.0,0.0,21:02:02
245,50560.0,41.0,0.0,0.0,50570.0,19.0,0.0,-0.0,0.0,0.0,21:02:02
246,50570.0,1.0,0.0,38.0,50580.0,42.0,0.0,0.0,38.0,38.0,21:02:03
247,50560.0,28.0,0.0,0.0,50570.0,13.0,0.0,42.0,42.0,-42.0,21:02:03
248,50560.0,9.0,-19.0,0.0,50570.0,20.0,7.0,38.0,38.0,-38.0,21:02:04
249,50550.0,72.0,0.0,0.0,50560.0,11.0,0.0,56.0,56.0,-56.0,21:02:04
250,50550.0,83.0,11.0,46.0,50560.0,2.0,-9.0,0.0,46.0,46.0,21:02:05
251,50560.0,35.0,0.0,38.0,50570.0,12.0,0.0,0.0,38.0,38.0,21:02:05
252,50560.0,33.0,-2.0,2.0,50570.0,13.0,1.0,-0.0,2.0,2.0,21:02:06
253,50560.0,29.0,-4.0,0.0,50570.0,12.0,-1.0,10.0,10.0,-10.0,21:02:06
254,50560.0,31.0,2.0,2.0,50570.0,11.0,-1.0,-0.0,2.0,2.0,21:02:07
255,50560.0,30.0,-1.0,0.0,50570.0,8.0,-3.0,2.0,2.0,-2.0,21:02:07
256,50560.0,29.0,-1.0,0.0,50570.0,5.0,-3.0,6.0,6.0,-6.0,21:02:08
257,50560.0,19.0,-10.0,0.0,50570.0,5.0,0.0,20.0,20.0,-20.0,21:02:08
258,50560.0,28.0,9.0,0.0,50570.0,10.0,5.0,2.0,2.0,-2.0,21:02:09
259,50560.0,25.0,-3.0,0.0,50570.0,13.0,3.0,4.0,4.0,-4.0,21:02:09
260,50560.0,28.0,3.0,0.0,50570.0,15.0,2.0,-0.0,0.0,0.0,21:02:10
261,50560.0,18.0,-10.0,0.0,50570.0,15.0,0.0,20.0,20.0,-20.0,21:02:10
262,50570.0,29.0,0.0,42.0,50580.0,42.0,0.0,0.0,42.0,42.0,21:02:11
263,50570.0,14.0,-15.0,40.0,50580.0,34.0,-8.0,32.0,72.0,8.0,21:02:11
264,50570.0,25.0,11.0,0.0,50580.0,22.0,-12.0,-0.0,0.0,0.0,21:02:12
265,50570.0,25.0,0.0,10.0,50580.0,17.0,-5.0,-0.0,10.0,10.0,21:02:12
266,50580.0,16.0,0.0,28.0,50590.0,19.0,0.0,0.0,28.0,28.0,21:02:13
267,50580.0,12.0,-4.0,0.0,50590.0,18.0,-1.0,50.0,50.0,-50.0,21:02:13
268,50580.0,20.0,8.0,0.0,50590.0,16.0,-2.0,2.0,2.0,-2.0,21:02:14
269,50580.0,21.0,1.0,0.0,50590.0,16.0,0.0,-0.0,0.0,0.0,21:02:14
270,50580.0,21.0,0.0,0.0,50590.0,16.0,0.0,-0.0,0.0,0.0,21:02:15
271,50590.0,3.0,0.0,38.0,50600.0,29.0,0.0,0.0,38.0,38.0,21:02:15
272,50590.0,12.0,9.0,0.0,50600.0,30.0,1.0,6.0,6.0,-6.0,21:02:16
273,50580.0,1.0,0.0,0.0,50590.0,5.0,0.0,170.0,170.0,-170.0,21:02:16
274,50580.0,14.0,13.0,0.0,50590.0,25.0,20.0,64.0,64.0,-64.0,21:02:17
275,50580.0,9.0,-5.0,0.0,50590.0,28.0,3.0,-0.0,0.0,0.0,21:02:17
276,50580.0,5.0,-4.0,6.0,50590.0,26.0,-2.0,4.0,10.0,2.0,21:02:18
277,50580.0,21.0,16.0,40.0,50590.0,3.0,-23.0,2.0,42.0,38.0,21:02:18
278,50580.0,19.0,-2.0,3.0,50600.0,7.0,0.0,11.0,14.0,-8.0,21:02:19
279,50590.0,3.0,0.0,0.0,50600.0,21.0,14.0,4.0,4.0,-4.0,21:02:19
280,50580.0,20.0,0.0,0.0,50590.0,5.0,0.0,12.0,12.0,-12.0,21:02:20
281,50590.0,15.0,0.0,14.0,50600.0,24.0,0.0,0.0,14.0,14.0,21:02:20
282,50590.0,15.0,0.0,0.0,50600.0,22.0,-2.0,-0.0,0.0,0.0,21:02:21
283,50590.0,13.0,-2.0,4.0,50600.0,20.0,-2.0,4.0,8.0,0.0,21:02:21
284,50590.0,13.0,0.0,0.0,50600.0,20.0,0.0,2.0,2.0,-2.0,21:02:22
285,50600.0,1.0,0.0,46.0,50610.0,11.0,0.0,0.0,46.0,46.0,21:02:22
286,50590.0,1.0,0.0,0.0,50600.0,21.0,0.0,34.0,34.0,-34.0,21:02:23
287,50590.0,3.0,2.0,34.0,50600.0,31.0,10.0,18.0,52.0,16.0,21:02:23
288,50590.0,4.0,1.0,0.0,50600.0,34.0,3.0,-0.0,0.0,0.0,21:02:24
289,50590.0,7.0,3.0,2.0,50600.0,32.0,-2.0,-0.0,2.0,2.0,21:02:24
290,50590.0,8.0,1.0,40.0,50600.0,12.0,-20.0,2.0,42.0,38.0,21:02:25
291,50590.0,22.0,14.0,8.0,50600.0,10.0,-2.0,2.0,10.0,6.0,21:02:25
292,50590.0,18.0,-4.0,18.0,50600.0,1.0,-9.0,8.0,26.0,10.0,21:02:26
293,50590.0,19.0,1.0,0.0,50600.0,9.0,8.0,10.0,10.0,-10.0,21:02:26
294,50590.0,13.0,-6.0,2.0,50600.0,36.0,27.0,12.0,14.0,-10.0,21:02:27
295,50590.0,12.0,-1.0,2.0,50600.0,41.0,5.0,-0.0,2.0,2.0,21:02:27
296,50590.0,10.0,-2.0,2.0,50600.0,43.0,2.0,-0.0,2.0,2.0,21:02:28
297,50590.0,7.0,-3.0,14.0,50600.0,46.0,3.0,2.0,16.0,12.0,21:02:28
298,50590.0,9.0,2.0,0.0,50600.0,46.0,0.0,-0.0,0.0,0.0,21:02:29
299,50590.0,1.0,-8.0,0.0,50600.0,46.0,0.0,18.0,18.0,-18.0,21:02:29
300,50580.0,22.0,0.0,0.0,50590.0,9.0,0.0,4.0,4.0,-4.0,21:02:30
301,50580.0,25.0,3.0,0.0,50590.0,16.0,7.0,-0.0,0.0,0.0,21:02:30
302,50580.0,22.0,-3.0,2.0,50590.0,22.0,6.0,-0.0,2.0,2.0,21:02:31
303,50580.0,14.0,-8.0,2.0,50590.0,23.0,1.0,2.0,4.0,0.0,21:02:31
304,50580.0,2.0,-12.0,0.0,50590.0,24.0,1.0,20.0,20.0,-20.0,21:02:32
305,50570.0,30.0,0.0,0.0,50580.0,1.0,0.0,4.0,4.0,-4.0,21:02:32
306,50570.0,29.0,-1.0,0.0,50580.0,2.0,1.0,-0.0,0.0,0.0,21:02:33
307,50570.0,29.0,0.0,2.0,50580.0,7.0,5.0,-0.0,2.0,2.0,21:02:33
308,50570.0,29.0,0.0,0.0,50580.0,16.0,9.0,-0.0,0.0,0.0,21:02:34
309,50570.0,29.0,0.0,0.0,50580.0,18.0,2.0,-0.0,0.0,0.0,21:02:34
310,50570.0,29.0,0.0,0.0,50580.0,18.0,0.0,-0.0,0.0,0.0,21:02:35
311,50570.0,30.0,1.0,0.0,50580.0,18.0,0.0,-0.0,0.0,0.0,21:02:35
312,50570.0,29.0,-1.0,2.0,50580.0,15.0,-3.0,-0.0,2.0,2.0,21:02:36
313,50570.0,28.0,-1.0,0.0,50580.0,11.0,-4.0,2.0,2.0,-2.0,21:02:36
314,50570.0,16.0,-12.0,0.0,50580.0,11.0,0.0,36.0,36.0,-36.0,21:02:37
315,50570.0,17.0,1.0,0.0,50580.0,13.0,2.0,4.0,4.0,-4.0,21:02:37
316,50570.0,16.0,-1.0,0.0,50580.0,17.0,4.0,2.0,2.0,-2.0,21:02:38
317,50570.0,14.0,-2.0,0.0,50580.0,27.0,10.0,4.0,4.0,-4.0,21:02:38
318,50560.0,10.0,0.0,14.0,50580.0,28.0,1.0,14.0,28.0,0.0,21:02:39
319,50570.0,10.0,0.0,0.0,50580.0,20.0,-8.0,4.0,4.0,-4.0,21:02:39
320,50570.0,25.0,15.0,2.0,50580.0,19.0,-1.0,-0.0,2.0,2.0,21:02:40
321,50570.0,14.0,-11.0,6.0,50580.0,11.0,-8.0,-0.0,6.0,6.0,21:02:40
322,50570.0,19.0,5.0,0.0,50580.0,11.0,0.0,-0.0,0.0,0.0,21:02:41
323,50570.0,17.0,-2.0,2.0,50580.0,10.0,-1.0,6.0,8.0,-4.0,21:02:41
324,50570.0,21.0,4.0,4.0,50580.0,8.0,-2.0,10.0,14.0,-6.0,21:02:42
325,50570.0,10.0,-11.0,0.0,50580.0,11.0,3.0,24.0,24.0,-24.0,21:02:42
326,50570.0,34.0,24.0,0.0,50580.0,13.0,2.0,12.0,12.0,-12.0,21:02:43
327,50570.0,26.0,-8.0,0.0,50580.0,14.0,1.0,10.0,10.0,-10.0,21:02:43
328,50570.0,20.0,-6.0,0.0,50580.0,15.0,1.0,12.0,12.0,-12.0,21:02:44
329,50570.0,30.0,10.0,0.0,50580.0,26.0,11.0,4.0,4.0,-4.0,21:02:44
330,50570.0,22.0,-8.0,0.0,50580.0,27.0,1.0,16.0,16.0,-16.0,21:02:45
331,50570.0,24.0,2.0,0.0,50580.0,27.0,0.0,4.0,4.0,-4.0,21:02:45
332,50570.0,20.0,-4.0,0.0,50580.0,26.0,-1.0,8.0,8.0,-8.0,21:02:46
333,50570.0,21.0,1.0,0.0,50580.0,27.0,1.0,-0.0,0.0,0.0,21:02:46
334,50570.0,21.0,0.0,0.0,50580.0,26.0,-1.0,-0.0,0.0,0.0,21:02:47
335,50570.0,21.0,0.0,0.0,50580.0,27.0,1.0,-0.0,0.0,0.0,21:02:47
336,50570.0,16.0,-5.0,48.0,50580.0,4.0,-23.0,12.0,60.0,36.0,21:02:48
337,50570.0,19.0,3.0,8.0,50580.0,6.0,2.0,-0.0,8.0,8.0,21:02:48
338,50570.0,29.0,10.0,6.0,50580.0,3.0,-3.0,8.0,14.0,-2.0,21:02:49
339,50560.0,28.0,0.0,0.0,50570.0,26.0,0.0,64.0,64.0,-64.0,21:02:49
340,50560.0,31.0,3.0,8.0,50570.0,23.0,-3.0,-0.0,8.0,8.0,21:02:50
341,50560.0,36.0,5.0,0.0,50570.0,23.0,0.0,8.0,8.0,-8.0,21:02:50
342,50560.0,36.0,0.0,0.0,50570.0,23.0,0.0,-0.0,0.0,0.0,21:02:51
343,50560.0,33.0,-3.0,0.0,50570.0,23.0,0.0,8.0,8.0,-8.0,21:02:51
344,50560.0,33.0,0.0,0.0,50570.0,24.0,1.0,-0.0,0.0,0.0,21:02:52
345,50560.0,32.0,-1.0,0.0,50570.0,25.0,1.0,-0.0,0.0,0.0,21:02:52
346,50560.0,32.0,0.0,6.0,50570.0,22.0,-3.0,-0.0,6.0,6.0,21:02:53
347,50560.0,32.0,0.0,0.0,50570.0,22.0,0.0,-0.0,0.0,0.0,21:02:54
348,50560.0,32.0,0.0,0.0,50570.0,25.0,3.0,-0.0,0.0,0.0,21:02:54
349,50560.0,32.0,0.0,0.0,50570.0,26.0,1.0,-0.0,0.0,0.0,21:02:55
350,50560.0,32.0,0.0,0.0,50570.0,26.0,0.0,-0.0,0.0,0.0,21:02:56
351,50560.0,32.0,0.0,0.0,50570.0,26.0,0.0,-0.0,0.0,0.0,21:02:56
352,50560.0,32.0,0.0,0.0,50570.0,27.0,1.0,-0.0,0.0,0.0,21:02:57
353,50570.0,128.0,0.0,54.0,50580.0,21.0,0.0,0.0,54.0,54.0,21:02:57
354,50570.0,129.0,1.0,8.0,50580.0,15.0,-6.0,-0.0,8.0,8.0,21:02:58
355,50570.0,136.0,7.0,4.0,50580.0,8.0,-7.0,2.0,6.0,2.0,21:02:58
356,50570.0,156.0,20.0,0.0,50580.0,8.0,0.0,-0.0,0.0,0.0,21:02:59
357,50570.0,157.0,1.0,0.0,50580.0,8.0,0.0,-0.0,0.0,0.0,21:02:59
358,50570.0,155.0,-2.0,2.0,50580.0,7.0,-1.0,4.0,6.0,-2.0,21:03:00
359,50570.0,155.0,0.0,12.0,50580.0,20.0,13.0,-0.0,12.0,12.0,21:03:00
360,50580.0,3.0,0.0,50.0,50590.0,36.0,0.0,0.0,50.0,50.0,21:03:01
361,50580.0,13.0,10.0,6.0,50590.0,24.0,-12.0,-0.0,6.0,6.0,21:03:01
362,50580.0,21.0,8.0,0.0,50590.0,25.0,1.0,2.0,2.0,-2.0,21:03:02
363,50580.0,16.0,-5.0,0.0,50590.0,24.0,-1.0,12.0,12.0,-12.0,21:03:02
364,50580.0,14.0,-2.0,20.0,50590.0,14.0,-10.0,4.0,24.0,16.0,21:03:03
365,50580.0,14.0,0.0,24.0,50590.0,2.0,-12.0,10.0,34.0,14.0,21:03:03
366,50580.0,21.0,7.0,6.0,50590.0,8.0,6.0,-0.0,6.0,6.0,21:03:04
367,50580.0,24.0,3.0,16.0,50590.0,1.0,-7.0,2.0,18.0,14.0,21:03:04
368,50590.0,3.0,0.0,2.0,50600.0,66.0,0.0,0.0,2.0,2.0,21:03:05
369,50590.0,45.0,42.0,0.0,50600.0,61.0,-5.0,46.0,46.0,-46.0,21:03:05
370,50590.0,47.0,2.0,0.0,50600.0,52.0,-9.0,2.0,2.0,-2.0,21:03:06
371,50590.0,57.0,10.0,0.0,50600.0,52.0,0.0,-0.0,0.0,0.0,21:03:06
372,50590.0,57.0,0.0,58.0,50600.0,23.0,-29.0,-0.0,58.0,58.0,21:03:07
373,50590.0,57.0,0.0,24.0,50610.0,31.0,0.0,24.0,48.0,0.0,21:03:07
374,50600.0,22.0,0.0,0.0,50610.0,30.0,-1.0,-0.0,0.0,0.0,21:03:08
375,50600.0,22.0,0.0,0.0,50610.0,27.0,-3.0,6.0,6.0,-6.0,21:03:08
376,50610.0,11.0,0.0,64.0,50620.0,33.0,0.0,0.0,64.0,64.0,21:03:09
377,50610.0,5.0,-6.0,0.0,50620.0,31.0,-2.0,26.0,26.0,-26.0,21:03:09
378,50600.0,34.0,0.0,0.0,50610.0,30.0,0.0,32.0,32.0,-32.0,21:03:10
379,50600.0,46.0,12.0,60.0,50610.0,1.0,-29.0,-0.0,60.0,60.0,21:03:10
380,50610.0,26.0,0.0,12.0,50620.0,35.0,0.0,0.0,12.0,12.0,21:03:11
381,50610.0,21.0,-5.0,0.0,50620.0,35.0,0.0,8.0,8.0,-8.0,21:03:11
382,50610.0,32.0,11.0,12.0,50620.0,30.0,-5.0,-0.0,12.0,12.0,21:03:12
383,50610.0,34.0,2.0,2.0,50620.0,45.0,15.0,-0.0,2.0,2.0,21:03:12
384,50610.0,34.0,0.0,8.0,50620.0,40.0,-5.0,-0.0,8.0,8.0,21:03:13
385,50610.0,28.0,-6.0,2.0,50620.0,40.0,0.0,12.0,14.0,-10.0,21:03:13
386,50610.0,22.0,-6.0,4.0,50620.0,40.0,0.0,10.0,14.0,-6.0,21:03:14
387,50610.0,12.0,-10.0,0.0,50620.0,42.0,2.0,24.0,24.0,-24.0,21:03:14
388,50600.0,17.0,0.0,0.0,50610.0,2.0,0.0,26.0,26.0,-26.0,21:03:15
389,50600.0,32.0,15.0,0.0,50610.0,2.0,0.0,-0.0,0.0,0.0,21:03:15
390,50610.0,7.0,0.0,32.0,50620.0,31.0,0.0,0.0,32.0,32.0,21:03:16
391,50610.0,12.0,5.0,0.0,50620.0,34.0,3.0,12.0,12.0,-12.0,21:03:16
392,50610.0,18.0,6.0,0.0,50620.0,32.0,-2.0,4.0,4.0,-4.0,21:03:17
393,50610.0,24.0,6.0,0.0,50620.0,32.0,0.0,-0.0,0.0,0.0,21:03:17
394,50610.0,19.0,-5.0,0.0,50620.0,30.0,-2.0,-0.0,0.0,0.0,21:03:18
395,50610.0,20.0,1.0,6.0,50620.0,29.0,-1.0,2.0,8.0,4.0,21:03:18
396,50610.0,123.0,103.0,0.0,50620.0,29.0,0.0,-0.0,0.0,0.0,21:03:19
397,50620.0,9.0,0.0,62.0,50630.0,18.0,0.0,0.0,62.0,62.0,21:03:19
398,50610.0,133.0,0.0,0.0,50620.0,1.0,0.0,72.0,72.0,-72.0,21:03:20
399,50610.0,134.0,1.0,12.0,50620.0,2.0,1.0,-0.0,12.0,12.0,21:03:20
400,50610.0,133.0,-1.0,8.0,50620.0,3.0,1.0,2.0,10.0,6.0,21:03:21
401,50620.0,1.0,0.0,6.0,50630.0,31.0,0.0,0.0,6.0,6.0,21:03:21
402,50620.0,8.0,7.0,0.0,50630.0,33.0,2.0,6.0,6.0,-6.0,21:03:22
403,50620.0,8.0,0.0,0.0,50630.0,42.0,9.0,2.0,2.0,-2.0,21:03:22
404,50620.0,17.0,9.0,0.0,50630.0,43.0,1.0,2.0,2.0,-2.0,21:03:23
405,50620.0,8.0,-9.0,8.0,50630.0,40.0,-3.0,22.0,30.0,-14.0,21:03:23
406,50610.0,119.0,0.0,0.0,50620.0,7.0,0.0,22.0,22.0,-22.0,21:03:24
407,50610.0,131.0,12.0,0.0,50620.0,17.0,10.0,-0.0,0.0,0.0,21:03:24
408,50610.0,132.0,1.0,2.0,50620.0,20.0,3.0,-0.0,2.0,2.0,21:03:25
409,50610.0,120.0,-12.0,0.0,50620.0,22.0,2.0,-0.0,0.0,0.0,21:03:25
410,50610.0,117.0,-3.0,2.0,50620.0,25.0,3.0,6.0,8.0,-4.0,21:03:26
411,50610.0,113.0,-4.0,0.0,50620.0,25.0,0.0,2.0,2.0,-2.0,21:03:26
412,50610.0,109.0,-4.0,10.0,50620.0,21.0,-4.0,6.0,16.0,4.0,21:03:27
413,50610.0,111.0,2.0,42.0,50620.0,2.0,-19.0,-0.0,42.0,42.0,21:03:27
414,50620.0,4.0,0.0,4.0,50630.0,44.0,0.0,0.0,4.0,4.0,21:03:28
415,50620.0,2.0,-2.0,0.0,50630.0,44.0,0.0,6.0,6.0,-6.0,21:03:28
416,50610.0,118.0,0.0,2.0,50630.0,44.0,0.0,2.0,4.0,0.0,21:03:29
417,50620.0,1.0,0.0,2.0,50630.0,44.0,0.0,-0.0,2.0,2.0,21:03:29
418,50610.0,114.0,0.0,0.0,50620.0,6.0,0.0,46.0,46.0,-46.0,21:03:30
419,50610.0,110.0,-4.0,18.0,50620.0,15.0,9.0,2.0,20.0,16.0,21:03:30
420,50610.0,105.0,-5.0,0.0,50620.0,8.0,-7.0,10.0,10.0,-10.0,21:03:31
421,50610.0,105.0,0.0,4.0,50620.0,10.0,2.0,-0.0,4.0,4.0,21:03:31
422,50610.0,105.0,0.0,2.0,50620.0,11.0,1.0,-0.0,2.0,2.0,21:03:32
423,50610.0,97.0,-8.0,6.0,50620.0,21.0,10.0,14.0,20.0,-8.0,21:03:32
424,50610.0,96.0,-1.0,0.0,50620.0,21.0,0.0,-0.0,0.0,0.0,21:03:33
425,50610.0,92.0,-4.0,4.0,50620.0,23.0,2.0,10.0,14.0,-6.0,21:03:33
426,50610.0,92.0,0.0,2.0,50620.0,26.0,3.0,2.0,4.0,0.0,21:03:34
427,50610.0,89.0,-3.0,0.0,50620.0,25.0,-1.0,6.0,6.0,-6.0,21:03:34
428,50610.0,89.0,0.0,0.0,50620.0,27.0,2.0,-0.0,0.0,0.0,21:03:35
429,50610.0,84.0,-5.0,0.0,50620.0,27.0,0.0,12.0,12.0,-12.0,21:03:35
430,50610.0,83.0,-1.0,0.0,50620.0,27.0,0.0,2.0,2.0,-2.0,21:03:36
431,50610.0,79.0,-4.0,0.0,50620.0,28.0,1.0,10.0,10.0,-10.0,21:03:36
432,50610.0,14.0,-65.0,48.0,50630.0,35.0,0.0,112.0,160.0,-64.0,21:03:37
433,50600.0,20.0,0.0,0.0,50610.0,12.0,0.0,58.0,58.0,-58.0,21:03:37
434,50600.0,36.0,16.0,10.0,50610.0,17.0,5.0,-0.0,10.0,10.0,21:03:38
435,50600.0,24.0,-12.0,39.0,50620.0,16.0,0.0,31.0,70.0,8.0,21:03:38
436,50610.0,4.0,0.0,18.0,50620.0,10.0,-6.0,4.0,22.0,14.0,21:03:39
437,50610.0,25.0,21.0,0.0,50620.0,15.0,5.0,-0.0,0.0,0.0,21:03:39
438,50610.0,13.0,-12.0,0.0,50620.0,18.0,3.0,10.0,10.0,-10.0,21:03:40
439,50620.0,25.0,0.0,50.0,50630.0,33.0,0.0,0.0,50.0,50.0,21:03:40
440,50610.0,1.0,0.0,0.0,50620.0,4.0,0.0,74.0,74.0,-74.0,21:03:41
441,50610.0,25.0,24.0,4.0,50620.0,39.0,35.0,8.0,12.0,-4.0,21:03:41
442,50610.0,14.0,-11.0,0.0,50620.0,39.0,0.0,-0.0,0.0,0.0,21:03:42
443,50610.0,14.0,0.0,0.0,50620.0,39.0,0.0,-0.0,0.0,0.0,21:03:42
444,50610.0,18.0,4.0,20.0,50620.0,27.0,-12.0,6.0,26.0,14.0,21:03:43
445,50610.0,16.0,-2.0,20.0,50620.0,17.0,-10.0,4.0,24.0,16.0,21:03:43
446,50600.0,27.0,0.0,0.0,50610.0,2.0,0.0,38.0,38.0,-38.0,21:03:44
447,50600.0,32.0,5.0,8.0,50610.0,1.0,-1.0,4.0,12.0,4.0,21:03:44
448,50600.0,24.0,-8.0,6.0,50610.0,1.0,0.0,2.0,8.0,4.0,21:03:45
449,50600.0,24.0,0.0,2.0,50610.0,3.0,2.0,-0.0,2.0,2.0,21:03:45
450,50600.0,24.0,0.0,0.0,50610.0,2.0,-1.0,-0.0,0.0,0.0,21:03:46
451,50600.0,19.0,-5.0,2.0,50610.0,1.0,-1.0,2.0,4.0,0.0,21:03:46
452,50610.0,5.0,0.0,4.0,50620.0,42.0,0.0,0.0,4.0,4.0,21:03:47
453,50610.0,2.0,-3.0,0.0,50620.0,43.0,1.0,6.0,6.0,-6.0,21:03:47
454,50610.0,3.0,1.0,0.0,50620.0,44.0,1.0,2.0,2.0,-2.0,21:03:48
455,50610.0,5.0,2.0,0.0,50620.0,46.0,2.0,2.0,2.0,-2.0,21:03:48
456,50610.0,6.0,1.0,0.0,50620.0,46.0,0.0,-0.0,0.0,0.0,21:03:49
457,50610.0,7.0,1.0,0.0,50620.0,47.0,1.0,-0.0,0.0,0.0,21:03:49
458,50610.0,5.0,-2.0,2.0,50620.0,46.0,-1.0,4.0,6.0,-2.0,21:03:50
459,50600.0,29.0,0.0,0.0,50610.0,1.0,0.0,10.0,10.0,-10.0,21:03:50
460,50600.0,41.0,12.0,0.0,50610.0,12.0,11.0,-0.0,0.0,0.0,21:03:51
461,50600.0,39.0,-2.0,10.0,50610.0,8.0,-4.0,4.0,14.0,6.0,21:03:51
462,50600.0,26.0,-13.0,0.0,50610.0,8.0,0.0,-0.0,0.0,0.0,21:03:52
463,50600.0,26.0,0.0,0.0,50610.0,13.0,5.0,-0.0,0.0,0.0,21:03:52
464,50600.0,36.0,10.0,0.0,50610.0,13.0,0.0,6.0,6.0,-6.0,21:03:53
465,50600.0,7.0,-29.0,2.0,50610.0,14.0,1.0,32.0,34.0,-30.0,21:03:53
466,50600.0,2.0,-5.0,0.0,50610.0,21.0,7.0,16.0,16.0,-16.0,21:03:54
467,50590.0,21.0,0.0,0.0,50600.0,1.0,0.0,4.0,4.0,-4.0,21:03:54
468,50600.0,1.0,0.0,4.0,50610.0,24.0,0.0,0.0,4.0,4.0,21:03:55
469,50600.0,3.0,2.0,0.0,50610.0,25.0,1.0,2.0,2.0,-2.0,21:03:55
470,50590.0,32.0,0.0,3.0,50610.0,29.0,4.0,3.0,6.0,0.0,21:03:56
471,50600.0,1.0,0.0,0.0,50610.0,31.0,2.0,-0.0,0.0,0.0,21:03:56
472,50590.0,33.0,0.0,0.0,50600.0,1.0,0.0,2.0,2.0,-2.0,21:03:57
473,50590.0,25.0,-8.0,0.0,50600.0,12.0,11.0,16.0,16.0,-16.0,21:03:57
474,50590.0,20.0,-5.0,0.0,50600.0,21.0,9.0,-0.0,0.0,0.0,21:03:58
475,50590.0,16.0,-4.0,0.0,50600.0,22.0,1.0,-0.0,0.0,0.0,21:03:58
476,50590.0,16.0,0.0,0.0,50600.0,27.0,5.0,-0.0,0.0,0.0,21:03:59
477,50590.0,12.0,-4.0,0.0,50600.0,27.0,0.0,-0.0,0.0,0.0,21:03:59
478,50580.0,29.0,0.0,0.0,50590.0,1.0,0.0,24.0,24.0,-24.0,21:04:00
479,50590.0,31.0,0.0,22.0,50600.0,24.0,0.0,0.0,22.0,22.0,21:04:00
480,50590.0,34.0,3.0,0.0,50600.0,23.0,-1.0,2.0,2.0,-2.0,21:04:01
481,50590.0,39.0,5.0,0.0,50600.0,20.0,-3.0,-0.0,0.0,0.0,21:04:01
482,50590.0,40.0,1.0,0.0,50600.0,13.0,-7.0,-0.0,0.0,0.0,21:04:02
483,50590.0,38.0,-2.0,4.0,50600.0,9.0,-4.0,4.0,8.0,0.0,21:04:02
484,50590.0,38.0,0.0,0.0,50600.0,9.0,0.0,2.0,2.0,-2.0,21:04:03
485,50590.0,34.0,-4.0,0.0,50600.0,9.0,0.0,2.0,2.0,-2.0,21:04:03
486,50590.0,33.0,-1.0,0.0,50600.0,9.0,0.0,2.0,2.0,-2.0,21:04:04
487,50590.0,34.0,1.0,4.0,50600.0,8.0,-1.0,-0.0,4.0,4.0,21:04:04
488,50590.0,35.0,1.0,2.0,50600.0,7.0,-1.0,2.0,4.0,0.0,21:04:05
489,50590.0,35.0,0.0,0.0,50600.0,10.0,3.0,-0.0,0.0,0.0,21:04:05
490,50590.0,16.0,-19.0,0.0,50600.0,10.0,0.0,38.0,38.0,-38.0,21:04:06
491,50590.0,17.0,1.0,10.0,50600.0,10.0,0.0,8.0,18.0,2.0,21:04:06
492,50590.0,29.0,12.0,0.0,50600.0,10.0,0.0,2.0,2.0,-2.0,21:04:07
493,50590.0,28.0,-1.0,0.0,50600.0,29.0,19.0,2.0,2.0,-2.0,21:04:07
494,50590.0,25.0,-3.0,0.0,50600.0,30.0,1.0,4.0,4.0,-4.0,21:04:08
495,50590.0,8.0,-17.0,6.0,50600.0,30.0,0.0,26.0,32.0,-20.0,21:04:08
496,50590.0,2.0,-6.0,0.0,50600.0,42.0,12.0,14.0,14.0,-14.0,21:04:09
497,50580.0,39.0,0.0,0.0,50590.0,17.0,0.0,4.0,4.0,-4.0,21:04:09
498,50580.0,38.0,-1.0,8.0,50590.0,13.0,-4.0,2.0,10.0,6.0,21:04:10
499,50580.0,30.0,-8.0,4.0,50590.0,12.0,-1.0,-0.0,4.0,4.0,21:04:10
500,50580.0,23.0,-7.0,4.0,50590.0,12.0,0.0,10.0,14.0,-6.0,21:04:11
501,50580.0,25.0,2.0,0.0,50590.0,12.0,0.0,-0.0,0.0,0.0,21:04:11
502,50580.0,24.0,-1.0,0.0,50590.0,15.0,3.0,2.0,2.0,-2.0,21:04:12
503,50580.0,26.0,2.0,0.0,50590.0,15.0,0.0,-0.0,0.0,0.0,21:04:12
504,50580.0,25.0,-1.0,6.0,50590.0,12.0,-3.0,2.0,8.0,4.0,21:04:13
505,50580.0,30.0,5.0,0.0,50590.0,12.0,0.0,4.0,4.0,-4.0,21:04:13
506,50580.0,30.0,0.0,0.0,50590.0,9.0,-3.0,-0.0,0.0,0.0,21:04:14
507,50580.0,22.0,-8.0,0.0,50590.0,4.0,-5.0,16.0,16.0,-16.0,21:04:14
508,50580.0,35.0,13.0,2.0,50590.0,4.0,0.0,-0.0,2.0,2.0,21:04:15
509,50590.0,2.0,0.0,10.0,50600.0,43.0,0.0,0.0,10.0,10.0,21:04:15
510,50580.0,25.0,0.0,9.0,50600.0,43.0,0.0,11.0,20.0,-2.0,21:04:16
511,50580.0,36.0,11.0,2.0,50590.0,11.0,0.0,-0.0,2.0,2.0,21:04:16
512,50580.0,37.0,1.0,0.0,50590.0,15.0,4.0,-0.0,0.0,0.0,21:04:17
513,50580.0,39.0,2.0,0.0,50590.0,20.0,5.0,-0.0,0.0,0.0,21:04:17
514,50580.0,39.0,0.0,2.0,50590.0,19.0,-1.0,-0.0,2.0,2.0,21:04:18
515,50580.0,38.0,-1.0,0.0,50590.0,19.0,0.0,2.0,2.0,-2.0,21:04:18
516,50580.0,38.0,0.0,0.0,50590.0,19.0,0.0,-0.0,0.0,0.0,21:04:19
517,50580.0,35.0,-3.0,0.0,50590.0,29.0,10.0,-0.0,0.0,0.0,21:04:19
518,50580.0,17.0,-18.0,2.0,50590.0,31.0,2.0,16.0,18.0,-14.0,21:04:20
519,50580.0,16.0,-1.0,0.0,50590.0,49.0,18.0,4.0,4.0,-4.0,21:04:20
520,50570.0,51.0,0.0,19.0,50590.0,49.0,0.0,19.0,38.0,0.0,21:04:21
521,50570.0,53.0,2.0,0.0,50580.0,1.0,0.0,-0.0,0.0,0.0,21:04:21
522,50570.0,37.0,-16.0,8.0,50580.0,15.0,14.0,16.0,24.0,-8.0,21:04:22
523,50570.0,35.0,-2.0,0.0,50580.0,26.0,11.0,4.0,4.0,-4.0,21:04:22
524,50570.0,34.0,-1.0,4.0,50580.0,25.0,-1.0,-0.0,4.0,4.0,21:04:23
525,50570.0,36.0,2.0,0.0,50580.0,25.0,0.0,-0.0,0.0,0.0,21:04:23
526,50570.0,36.0,0.0,2.0,50580.0,24.0,-1.0,-0.0,2.0,2.0,21:04:24
527,50570.0,36.0,0.0,0.0,50580.0,26.0,2.0,-0.0,0.0,0.0,21:04:24
528,50570.0,36.0,0.0,2.0,50580.0,23.0,-3.0,-0.0,2.0,2.0,21:04:25
529,50570.0,32.0,-4.0,0.0,50580.0,20.0,-3.0,8.0,8.0,-8.0,21:04:25
530,50570.0,28.0,-4.0,0.0,50580.0,22.0,2.0,8.0,8.0,-8.0,21:04:26
531,50570.0,28.0,0.0,0.0,50580.0,22.0,0.0,-0.0,0.0,0.0,21:04:26
532,50570.0,25.0,-3.0,0.0,50580.0,22.0,0.0,6.0,6.0,-6.0,21:04:27
533,50570.0,25.0,0.0,0.0,50580.0,25.0,3.0,-0.0,0.0,0.0,21:04:27
534,50570.0,24.0,-1.0,0.0,50580.0,25.0,0.0,4.0,4.0,-4.0,21:04:28
535,50570.0,40.0,16.0,0.0,50580.0,24.0,-1.0,-0.0,0.0,0.0,21:04:28
536,50570.0,41.0,1.0,0.0,50580.0,19.0,-5.0,-0.0,0.0,0.0,21:04:29
537,50570.0,47.0,6.0,2.0,50580.0,15.0,-4.0,4.0,6.0,-2.0,21:04:29
538,50570.0,45.0,-2.0,0.0,50580.0,13.0,-2.0,6.0,6.0,-6.0,21:04:30
539,50570.0,45.0,0.0,0.0,50580.0,8.0,-5.0,-0.0,0.0,0.0,21:04:30
540,50570.0,27.0,-18.0,0.0,50580.0,10.0,2.0,36.0,36.0,-36.0,21:04:31
541,50570.0,17.0,-10.0,0.0,50580.0,12.0,2.0,2.0,2.0,-2.0,21:04:31
542,50560.0,63.0,0.0,0.0,50570.0,6.0,0.0,38.0,38.0,-38.0,21:04:32
543,50560.0,65.0,2.0,6.0,50570.0,3.0,-3.0,2.0,8.0,4.0,21:04:32
544,50560.0,64.0,-1.0,5.0,50580.0,31.0,0.0,7.0,12.0,-2.0,21:04:33
545,50560.0,67.0,3.0,0.0,50570.0,8.0,0.0,2.0,2.0,-2.0,21:04:33
546,50560.0,62.0,-5.0,0.0,50570.0,8.0,0.0,-0.0,0.0,0.0,21:04:34
547,50560.0,64.0,2.0,4.0,50570.0,6.0,-2.0,-0.0,4.0,4.0,21:04:34
548,50560.0,64.0,0.0,0.0,50570.0,6.0,0.0,-0.0,0.0,0.0,21:04:35
549,50560.0,64.0,0.0,0.0,50570.0,6.0,0.0,-0.0,0.0,0.0,21:04:35
550,50560.0,64.0,0.0,2.0,50570.0,5.0,-1.0,-0.0,2.0,2.0,21:04:36
551,50560.0,64.0,0.0,4.0,50570.0,7.0,2.0,-0.0,4.0,4.0,21:04:36
552,50560.0,64.0,0.0,0.0,50570.0,7.0,0.0,2.0,2.0,-2.0,21:04:37
553,50560.0,65.0,1.0,0.0,50570.0,7.0,0.0,-0.0,0.0,0.0,21:04:37
554,50560.0,68.0,3.0,0.0,50570.0,7.0,0.0,-0.0,0.0,0.0,21:04:38
555,50560.0,64.0,-4.0,0.0,50570.0,12.0,5.0,8.0,8.0,-8.0,21:04:38
556,50560.0,52.0,-12.0,0.0,50570.0,16.0,4.0,-0.0,0.0,0.0,21:04:39
557,50560.0,50.0,-2.0,6.0,50570.0,9.0,-7.0,4.0,10.0,2.0,21:04:39
558,50560.0,49.0,-1.0,0.0,50570.0,9.0,0.0,2.0,2.0,-2.0,21:04:40
559,50560.0,49.0,0.0,0.0,50570.0,9.0,0.0,-0.0,0.0,0.0,21:04:40
560,50560.0,63.0,14.0,0.0,50570.0,9.0,0.0,-0.0,0.0,0.0,21:04:41
561,50560.0,51.0,-12.0,2.0,50570.0,8.0,-1.0,-0.0,2.0,2.0,21:04:41
562,50560.0,64.0,13.0,0.0,50570.0,13.0,5.0,-0.0,0.0,0.0,21:04:42
563,50570.0,2.0,0.0,22.0,50580.0,25.0,0.0,0.0,22.0,22.0,21:04:42
564,50570.0,3.0,1.0,0.0,50580.0,30.0,5.0,-0.0,0.0,0.0,21:04:43
565,50560.0,64.0,0.0,0.0,50570.0,7.0,0.0,6.0,6.0,-6.0,21:04:43
566,50560.0,64.0,0.0,4.0,50570.0,6.0,-1.0,2.0,6.0,2.0,21:04:44
567,50570.0,2.0,0.0,16.0,50580.0,30.0,0.0,0.0,16.0,16.0,21:04:44
568,50570.0,3.0,1.0,0.0,50580.0,27.0,-3.0,4.0,4.0,-4.0,21:04:45
569,50570.0,3.0,0.0,0.0,50580.0,27.0,0.0,-0.0,0.0,0.0,21:04:45
570,50570.0,4.0,1.0,-2.0,50580.0,31.0,4.0,12.0,10.0,-14.0,21:04:46
571,50570.0,1.0,-3.0,0.0,50580.0,31.0,0.0,6.0,6.0,-6.0,21:04:46
572,50560.0,66.0,0.0,0.0,50570.0,97.0,0.0,6.0,6.0,-6.0,21:04:47
573,50560.0,62.0,-4.0,0.0,50570.0,99.0,2.0,12.0,12.0,-12.0,21:04:47
574,50560.0,54.0,-8.0,0.0,50570.0,101.0,2.0,-0.0,0.0,0.0,21:04:48
575,50560.0,42.0,-12.0,32.0,50570.0,89.0,-12.0,26.0,58.0,6.0,21:04:48
576,50560.0,34.0,-8.0,0.0,50570.0,87.0,-2.0,24.0,24.0,-24.0,21:04:49
577,50560.0,50.0,16.0,0.0,50570.0,87.0,0.0,-0.0,0.0,0.0,21:04:49
578,50560.0,44.0,-6.0,0.0,50570.0,87.0,0.0,18.0,18.0,-18.0,21:04:50
579,50560.0,35.0,-9.0,0.0,50570.0,90.0,3.0,-0.0,0.0,0.0,21:04:51
580,50560.0,34.0,-1.0,2.0,50570.0,91.0,1.0,-0.0,2.0,2.0,21:04:51
581,50560.0,30.0,-4.0,0.0,50570.0,88.0,-3.0,8.0,8.0,-8.0,21:04:52
582,50560.0,30.0,0.0,2.0,50570.0,87.0,-1.0,2.0,4.0,0.0,21:04:52
583,50560.0,30.0,0.0,0.0,50570.0,87.0,0.0,-0.0,0.0,0.0,21:04:53
584,50560.0,34.0,4.0,0.0,50570.0,85.0,-2.0,4.0,4.0,-4.0,21:04:53
585,50560.0,34.0,0.0,0.0,50570.0,86.0,1.0,-0.0,0.0,0.0,21:04:54
586,50560.0,35.0,1.0,6.0,50570.0,83.0,-3.0,-0.0,6.0,6.0,21:04:55
587,50560.0,34.0,-1.0,2.0,50570.0,82.0,-1.0,2.0,4.0,0.0,21:04:55
588,50560.0,33.0,-1.0,0.0,50570.0,82.0,0.0,-0.0,0.0,0.0,21:04:56
589,50560.0,33.0,0.0,0.0,50570.0,82.0,0.0,-0.0,0.0,0.0,21:04:56
590,50560.0,33.0,0.0,0.0,50570.0,84.0,2.0,-0.0,0.0,0.0,21:04:57
591,50560.0,33.0,0.0,0.0,50570.0,84.0,0.0,-0.0,0.0,0.0,21:04:57
592,50560.0,37.0,4.0,0.0,50570.0,84.0,0.0,-0.0,0.0,0.0,21:04:58
593,50560.0,35.0,-2.0,12.0,50570.0,78.0,-6.0,4.0,16.0,8.0,21:04:58
594,50560.0,38.0,3.0,0.0,50570.0,76.0,-2.0,4.0,4.0,-4.0,21:04:59
595,50560.0,38.0,0.0,0.0,50570.0,75.0,-1.0,8.0,8.0,-8.0,21:04:59
596,50560.0,50.0,12.0,0.0,50570.0,75.0,0.0,-0.0,0.0,0.0,21:05:00
597,50560.0,50.0,0.0,0.0,50570.0,75.0,0.0,-0.0,0.0,0.0,21:05:00
598,50560.0,53.0,3.0,0.0,50570.0,75.0,0.0,-0.0,0.0,0.0,21:05:01
599,50560.0,52.0,-1.0,2.0,50570.0,76.0,1.0,2.0,4.0,0.0,21:05:01
600,50560.0,48.0,-4.0,8.0,50570.0,73.0,-3.0,8.0,16.0,0.0,21:05:02
601,50560.0,55.0,7.0,0.0,50570.0,76.0,3.0,-0.0,0.0,0.0,21:05:02
602,50560.0,53.0,-2.0,0.0,50570.0,75.0,-1.0,2.0,2.0,-2.0,21:05:03
603,50560.0,58.0,5.0,0.0,50570.0,75.0,0.0,-0.0,0.0,0.0,21:05:03
604,50560.0,113.0,55.0,0.0,50570.0,75.0,0.0,-0.0,0.0,0.0,21:05:04
605,50560.0,116.0,3.0,24.0,50570.0,61.0,-14.0,-0.0,24.0,24.0,21:05:04
606,50560.0,115.0,-1.0,36.0,50570.0,43.0,-18.0,4.0,40.0,32.0,21:05:05
607,50560.0,109.0,-6.0,18.0,50570.0,34.0,-9.0,-0.0,18.0,18.0,21:05:05
608,50570.0,1.0,0.0,66.0,50580.0,29.0,0.0,0.0,66.0,66.0,21:05:06
609,50560.0,94.0,0.0,4.0,50580.0,31.0,2.0,30.0,34.0,-26.0,21:05:06
610,50560.0,100.0,6.0,0.0,50580.0,31.0,0.0,4.0,4.0,-4.0,21:05:07
611,50560.0,101.0,1.0,0.0,50580.0,32.0,1.0,-0.0,0.0,0.0,21:05:07
612,50560.0,109.0,8.0,0.0,50580.0,30.0,-2.0,-0.0,0.0,0.0,21:05:08
613,50560.0,108.0,-1.0,0.0,50580.0,30.0,0.0,-0.0,0.0,0.0,21:05:09
614,50560.0,107.0,-1.0,0.0,50580.0,30.0,0.0,-0.0,0.0,0.0,21:05:09
615,50560.0,97.0,-10.0,0.0,50570.0,9.0,0.0,2.0,2.0,-2.0,21:05:10
616,50560.0,105.0,8.0,9.0,50580.0,32.0,0.0,9.0,18.0,0.0,21:05:10
617,50570.0,3.0,0.0,0.0,50580.0,29.0,-3.0,-0.0,0.0,0.0,21:05:11
618,50570.0,38.0,35.0,0.0,50580.0,31.0,2.0,-0.0,0.0,0.0,21:05:11
619,50570.0,19.0,-19.0,0.0,50580.0,26.0,-5.0,44.0,44.0,-44.0,21:05:12
620,50570.0,6.0,-13.0,2.0,50580.0,29.0,3.0,30.0,32.0,-28.0,21:05:12
621,50570.0,15.0,9.0,0.0,50580.0,29.0,0.0,-0.0,0.0,0.0,21:05:13
622,50570.0,12.0,-3.0,0.0,50580.0,29.0,0.0,8.0,8.0,-8.0,21:05:13
623,50570.0,15.0,3.0,0.0,50580.0,29.0,0.0,-0.0,0.0,0.0,21:05:14
624,50570.0,15.0,0.0,2.0,50580.0,27.0,-2.0,-0.0,2.0,2.0,21:05:15
625,50570.0,23.0,8.0,4.0,50580.0,25.0,-2.0,-0.0,4.0,4.0,21:05:15
626,50570.0,24.0,1.0,0.0,50580.0,21.0,-4.0,-0.0,0.0,0.0,21:05:16
627,50570.0,20.0,-4.0,0.0,50580.0,22.0,1.0,8.0,8.0,-8.0,21:05:16
628,50570.0,20.0,0.0,0.0,50580.0,23.0,1.0,-0.0,0.0,0.0,21:05:17
629,50570.0,21.0,1.0,0.0,50580.0,25.0,2.0,-0.0,0.0,0.0,21:05:17
630,50570.0,22.0,1.0,2.0,50580.0,26.0,1.0,-0.0,2.0,2.0,21:05:18
631,50570.0,22.0,0.0,2.0,50580.0,25.0,-1.0,-0.0,2.0,2.0,21:05:18
632,50570.0,22.0,0.0,0.0,50580.0,23.0,-2.0,-0.0,0.0,0.0,21:05:19
633,50570.0,23.0,1.0,0.0,50580.0,23.0,0.0,-0.0,0.0,0.0,21:05:20
634,50570.0,25.0,2.0,0.0,50580.0,20.0,-3.0,-0.0,0.0,0.0,21:05:20
635,50570.0,42.0,17.0,38.0,50580.0,3.0,-17.0,-0.0,38.0,38.0,21:05:21
636,50580.0,24.0,0.0,18.0,50590.0,35.0,0.0,0.0,18.0,18.0,21:05:21
637,50580.0,5.0,-19.0,0.0,50590.0,33.0,-2.0,34.0,34.0,-34.0,21:05:22
638,50580.0,18.0,13.0,0.0,50590.0,32.0,-1.0,12.0,12.0,-12.0,21:05:22
639,50580.0,15.0,-3.0,0.0,50590.0,22.0,-10.0,10.0,10.0,-10.0,21:05:23
640,50580.0,25.0,10.0,24.0,50590.0,10.0,-12.0,-0.0,24.0,24.0,21:05:23
641,50590.0,33.0,0.0,20.0,50600.0,22.0,0.0,0.0,20.0,20.0,21:05:24
642,50590.0,38.0,5.0,12.0,50600.0,11.0,-11.0,-0.0,12.0,12.0,21:05:24
643,50600.0,21.0,0.0,26.0,50610.0,21.0,0.0,0.0,26.0,26.0,21:05:25
644,50600.0,22.0,1.0,2.0,50610.0,13.0,-8.0,-0.0,2.0,2.0,21:05:25
645,50600.0,19.0,-3.0,2.0,50610.0,17.0,4.0,6.0,8.0,-4.0,21:05:26
646,50600.0,1.0,-18.0,-2.0,50610.0,15.0,-2.0,42.0,40.0,-44.0,21:05:26
647,50600.0,13.0,12.0,0.0,50610.0,20.0,5.0,4.0,4.0,-4.0,21:05:27
648,50600.0,21.0,8.0,0.0,50610.0,19.0,-1.0,-0.0,0.0,0.0,21:05:27
649,50600.0,20.0,-1.0,0.0,50610.0,24.0,5.0,8.0,8.0,-8.0,21:05:28
650,50600.0,13.0,-7.0,0.0,50610.0,24.0,0.0,-0.0,0.0,0.0,21:05:28
651,50600.0,12.0,-1.0,0.0,50610.0,24.0,0.0,2.0,2.0,-2.0,21:05:29
652,50600.0,8.0,-4.0,24.0,50610.0,19.0,-5.0,20.0,44.0,4.0,21:05:29
653,50600.0,8.0,0.0,0.0,50610.0,25.0,6.0,8.0,8.0,-8.0,21:05:30
654,50600.0,1.0,-7.0,8.0,50610.0,27.0,2.0,-0.0,8.0,8.0,21:05:30
655,50600.0,1.0,0.0,0.0,50610.0,30.0,3.0,-0.0,0.0,0.0,21:05:31
656,50600.0,1.0,0.0,0.0,50610.0,27.0,-3.0,-0.0,0.0,0.0,21:05:31
657,50590.0,22.0,0.0,0.0,50600.0,1.0,0.0,4.0,4.0,-4.0,21:05:32
658,50590.0,35.0,13.0,10.0,50600.0,6.0,5.0,-0.0,10.0,10.0,21:05:32
659,50590.0,22.0,-13.0,8.0,50600.0,2.0,-4.0,-0.0,8.0,8.0,21:05:33
660,50590.0,22.0,0.0,0.0,50600.0,6.0,4.0,-0.0,0.0,0.0,21:05:33
661,50590.0,18.0,-4.0,4.0,50600.0,4.0,-2.0,8.0,12.0,-4.0,21:05:34
662,50590.0,20.0,2.0,0.0,50600.0,5.0,1.0,-0.0,0.0,0.0,21:05:34
663,50590.0,20.0,0.0,2.0,50600.0,4.0,-1.0,-0.0,2.0,2.0,21:05:35
664,50590.0,31.0,11.0,0.0,50600.0,4.0,0.0,-0.0,0.0,0.0,21:05:35
665,50590.0,19.0,-12.0,6.0,50610.0,33.0,0.0,8.0,14.0,-2.0,21:05:36
666,50590.0,19.0,0.0,4.0,50600.0,1.0,0.0,-0.0,4.0,4.0,21:05:36
667,50600.0,6.0,0.0,2.0,50610.0,32.0,0.0,0.0,2.0,2.0,21:05:37
668,50600.0,17.0,11.0,0.0,50610.0,20.0,-12.0,-0.0,0.0,0.0,21:05:37
669,50600.0,20.0,3.0,0.0,50610.0,17.0,-3.0,2.0,2.0,-2.0,21:05:38
670,50600.0,22.0,2.0,0.0,50610.0,17.0,0.0,-0.0,0.0,0.0,21:05:38
671,50600.0,26.0,4.0,0.0,50610.0,17.0,0.0,-0.0,0.0,0.0,21:05:39
672,50600.0,38.0,12.0,0.0,50610.0,9.0,-8.0,-0.0,0.0,0.0,21:05:39
673,50600.0,38.0,0.0,6.0,50610.0,7.0,-2.0,-0.0,6.0,6.0,21:05:40
674,50600.0,51.0,13.0,4.0,50610.0,14.0,7.0,-0.0,4.0,4.0,21:05:40
675,50600.0,35.0,-16.0,8.0,50610.0,2.0,-12.0,12.0,20.0,-4.0,21:05:41
676,50600.0,33.0,-2.0,2.0,50610.0,10.0,8.0,2.0,4.0,0.0,21:05:41
677,50600.0,34.0,1.0,22.0,50610.0,6.0,-4.0,-0.0,22.0,22.0,21:05:42
678,50610.0,9.0,0.0,4.0,50620.0,43.0,0.0,0.0,4.0,4.0,21:05:42
679,50610.0,19.0,10.0,4.0,50620.0,36.0,-7.0,-0.0,4.0,4.0,21:05:43
680,50610.0,21.0,2.0,0.0,50620.0,34.0,-2.0,-0.0,0.0,0.0,21:05:43
681,50610.0,18.0,-3.0,0.0,50620.0,39.0,5.0,-0.0,0.0,0.0,21:05:44
682,50610.0,18.0,0.0,14.0,50620.0,32.0,-7.0,-0.0,14.0,14.0,21:05:44
683,50610.0,20.0,2.0,4.0,50620.0,30.0,-2.0,-0.0,4.0,4.0,21:05:45
684,50610.0,20.0,0.0,2.0,50620.0,25.0,-5.0,6.0,8.0,-4.0,21:05:45
685,50610.0,20.0,0.0,0.0,50620.0,25.0,0.0,-0.0,0.0,0.0,21:05:46
686,50610.0,18.0,-2.0,8.0,50620.0,18.0,-7.0,14.0,22.0,-6.0,21:05:46
687,50610.0,19.0,1.0,0.0,50620.0,28.0,10.0,2.0,2.0,-2.0,21:05:47
688,50610.0,19.0,0.0,2.0,50620.0,28.0,0.0,-0.0,2.0,2.0,21:05:47
689,50610.0,15.0,-4.0,6.0,50620.0,25.0,-3.0,8.0,14.0,-2.0,21:05:48
690,50610.0,18.0,3.0,0.0,50620.0,24.0,-1.0,-0.0,0.0,0.0,21:05:48
691,50610.0,23.0,5.0,8.0,50620.0,28.0,4.0,-0.0,8.0,8.0,21:05:49
692,50610.0,24.0,1.0,16.0,50620.0,21.0,-7.0,-0.0,16.0,16.0,21:05:49
693,50610.0,22.0,-2.0,2.0,50620.0,23.0,2.0,4.0,6.0,-2.0,21:05:50
694,50610.0,31.0,9.0,8.0,50620.0,22.0,-1.0,-0.0,8.0,8.0,21:05:50
695,50610.0,33.0,2.0,10.0,50620.0,15.0,-7.0,-0.0,10.0,10.0,21:05:51
696,50610.0,32.0,-1.0,12.0,50620.0,2.0,-13.0,2.0,14.0,10.0,21:05:51
697,50610.0,34.0,2.0,2.0,50620.0,31.0,29.0,-0.0,2.0,2.0,21:05:52
698,50610.0,32.0,-2.0,0.0,50620.0,34.0,3.0,-0.0,0.0,0.0,21:05:52
699,50610.0,31.0,-1.0,20.0,50620.0,24.0,-10.0,-0.0,20.0,20.0,21:05:53
700,50610.0,30.0,-1.0,0.0,50620.0,24.0,0.0,4.0,4.0,-4.0,21:05:53
701,50610.0,29.0,-1.0,2.0,50620.0,30.0,6.0,4.0,6.0,-2.0,21:05:54
702,50610.0,29.0,0.0,2.0,50620.0,29.0,-1.0,-0.0,2.0,2.0,21:05:54
703,50610.0,30.0,1.0,0.0,50620.0,30.0,1.0,-0.0,0.0,0.0,21:05:55
704,50610.0,30.0,0.0,4.0,50620.0,32.0,2.0,-0.0,4.0,4.0,21:05:55
705,50610.0,30.0,0.0,2.0,50620.0,31.0,-1.0,2.0,4.0,0.0,21:05:56
706,50610.0,29.0,-1.0,8.0,50620.0,27.0,-4.0,2.0,10.0,6.0,21:05:56
707,50610.0,29.0,0.0,0.0,50620.0,27.0,0.0,-0.0,0.0,0.0,21:05:57
708,50610.0,28.0,-1.0,0.0,50620.0,29.0,2.0,2.0,2.0,-2.0,21:05:57
709,50610.0,28.0,0.0,2.0,50620.0,38.0,9.0,-0.0,2.0,2.0,21:05:58
710,50610.0,28.0,0.0,0.0,50620.0,39.0,1.0,-0.0,0.0,0.0,21:05:58
711,50610.0,28.0,0.0,0.0,50620.0,39.0,0.0,-0.0,0.0,0.0,21:05:59
712,50610.0,28.0,0.0,2.0,50620.0,38.0,-1.0,-0.0,2.0,2.0,21:05:59
713,50610.0,24.0,-4.0,2.0,50620.0,37.0,-1.0,8.0,10.0,-6.0,21:06:00
714,50610.0,21.0,-3.0,0.0,50620.0,37.0,0.0,6.0,6.0,-6.0,21:06:00
715,50600.0,32.0,0.0,0.0,50610.0,11.0,0.0,42.0,42.0,-42.0,21:06:01
716,50600.0,27.0,-5.0,0.0,50610.0,27.0,16.0,-0.0,0.0,0.0,21:06:01
717,50600.0,18.0,-9.0,2.0,50610.0,37.0,10.0,12.0,14.0,-10.0,21:06:02
718,50590.0,24.0,0.0,0.0,50600.0,6.0,0.0,40.0,40.0,-40.0,21:06:02
719,50590.0,20.0,-4.0,0.0,50600.0,41.0,35.0,2.0,2.0,-2.0,21:06:03
720,50580.0,25.0,0.0,15.0,50600.0,47.0,6.0,13.0,28.0,2.0,21:06:03
721,50580.0,8.0,-17.0,4.0,50590.0,12.0,0.0,28.0,32.0,-24.0,21:06:04
722,50580.0,13.0,5.0,0.0,50590.0,28.0,16.0,-0.0,0.0,0.0,21:06:04
723,50580.0,18.0,5.0,0.0,50590.0,21.0,-7.0,2.0,2.0,-2.0,21:06:05
724,50580.0,18.0,0.0,0.0,50590.0,21.0,0.0,-0.0,0.0,0.0,21:06:05
725,50580.0,11.0,-7.0,0.0,50590.0,21.0,0.0,14.0,14.0,-14.0,21:06:06
726,50580.0,9.0,-2.0,2.0,50590.0,20.0,-1.0,-0.0,2.0,2.0,21:06:06
727,50590.0,3.0,0.0,118.0,50600.0,1.0,0.0,0.0,118.0,118.0,21:06:07
728,50590.0,22.0,19.0,0.0,50600.0,21.0,20.0,-0.0,0.0,0.0,21:06:07
729,50590.0,11.0,-11.0,0.0,50600.0,21.0,0.0,8.0,8.0,-8.0,21:06:08
730,50590.0,8.0,-3.0,0.0,50600.0,22.0,1.0,2.0,2.0,-2.0,21:06:08
731,50590.0,7.0,-1.0,0.0,50600.0,23.0,1.0,2.0,2.0,-2.0,21:06:09
732,50590.0,7.0,0.0,0.0,50600.0,25.0,2.0,-0.0,0.0,0.0,21:06:09
733,50590.0,7.0,0.0,0.0,50600.0,22.0,-3.0,-0.0,0.0,0.0,21:06:10
734,50590.0,5.0,-2.0,0.0,50600.0,23.0,1.0,8.0,8.0,-8.0,21:06:10
735,50590.0,5.0,0.0,0.0,50600.0,23.0,0.0,4.0,4.0,-4.0,21:06:11
736,50590.0,7.0,2.0,2.0,50600.0,24.0,1.0,2.0,4.0,0.0,21:06:11
737,50590.0,12.0,5.0,0.0,50600.0,21.0,-3.0,-0.0,0.0,0.0,21:06:12
738,50590.0,12.0,0.0,0.0,50600.0,19.0,-2.0,-0.0,0.0,0.0,21:06:12
739,50590.0,12.0,0.0,0.0,50600.0,19.0,0.0,-0.0,0.0,0.0,21:06:13
740,50590.0,12.0,0.0,4.0,50600.0,17.0,-2.0,-0.0,4.0,4.0,21:06:13
741,50590.0,14.0,2.0,0.0,50600.0,17.0,0.0,-0.0,0.0,0.0,21:06:14
742,50590.0,18.0,4.0,0.0,50600.0,15.0,-2.0,-0.0,0.0,0.0,21:06:14
743,50590.0,18.0,0.0,0.0,50600.0,15.0,0.0,-0.0,0.0,0.0,21:06:15
744,50590.0,20.0,2.0,2.0,50600.0,14.0,-1.0,-0.0,2.0,2.0,21:06:15
745,50590.0,20.0,0.0,0.0,50600.0,14.0,0.0,-0.0,0.0,0.0,21:06:16
746,50590.0,20.0,0.0,0.0,50600.0,14.0,0.0,-0.0,0.0,0.0,21:06:16
747,50590.0,17.0,-3.0,2.0,50600.0,13.0,-1.0,6.0,8.0,-4.0,21:06:17
748,50590.0,17.0,0.0,0.0,50600.0,14.0,1.0,-0.0,0.0,0.0,21:06:17
749,50590.0,17.0,0.0,0.0,50600.0,15.0,1.0,-0.0,0.0,0.0,21:06:18
750,50590.0,19.0,2.0,0.0,50600.0,23.0,8.0,-0.0,0.0,0.0,21:06:18
751,50590.0,20.0,1.0,0.0,50600.0,23.0,0.0,-0.0,0.0,0.0,21:06:19
752,50590.0,20.0,0.0,0.0,50600.0,33.0,10.0,-0.0,0.0,0.0,21:06:20
753,50590.0,20.0,0.0,2.0,50600.0,32.0,-1.0,-0.0,2.0,2.0,21:06:20
754,50590.0,20.0,0.0,0.0,50600.0,33.0,1.0,-0.0,0.0,0.0,21:06:22
755,50590.0,15.0,-5.0,2.0,50600.0,32.0,-1.0,4.0,6.0,-2.0,21:06:22
756,50590.0,1.0,-14.0,2.0,50600.0,33.0,1.0,20.0,22.0,-18.0,21:06:23
757,50580.0,78.0,0.0,0.0,50590.0,2.0,0.0,14.0,14.0,-14.0,21:06:23
758,50580.0,86.0,8.0,2.0,50590.0,10.0,8.0,14.0,16.0,-12.0,21:06:24
759,50580.0,68.0,-18.0,0.0,50590.0,17.0,7.0,-0.0,0.0,0.0,21:06:24
760,50580.0,64.0,-4.0,0.0,50590.0,18.0,1.0,8.0,8.0,-8.0,21:06:25
761,50580.0,47.0,-17.0,6.0,50590.0,19.0,1.0,-0.0,6.0,6.0,21:06:25
762,50580.0,47.0,0.0,0.0,50590.0,19.0,0.0,-0.0,0.0,0.0,21:06:26
763,50580.0,46.0,-1.0,0.0,50590.0,19.0,0.0,2.0,2.0,-2.0,21:06:26
764,50580.0,44.0,-2.0,2.0,50590.0,18.0,-1.0,-0.0,2.0,2.0,21:06:27
765,50580.0,14.0,-30.0,0.0,50590.0,19.0,1.0,-0.0,0.0,0.0,21:06:27
766,50580.0,14.0,0.0,0.0,50590.0,21.0,2.0,-0.0,0.0,0.0,21:06:28
767,50570.0,48.0,0.0,49.0,50590.0,4.0,-17.0,11.0,60.0,38.0,21:06:28
768,50580.0,6.0,0.0,0.0,50590.0,25.0,21.0,-0.0,0.0,0.0,21:06:29
769,50570.0,47.0,0.0,7.0,50590.0,30.0,5.0,7.0,14.0,0.0,21:06:29
770,50570.0,44.0,-3.0,0.0,50580.0,2.0,0.0,-0.0,0.0,0.0,21:06:30
771,50570.0,45.0,1.0,0.0,50580.0,18.0,16.0,-0.0,0.0,0.0,21:06:30
772,50570.0,43.0,-2.0,4.0,50580.0,20.0,2.0,-0.0,4.0,4.0,21:06:31
773,50570.0,44.0,1.0,0.0,50580.0,20.0,0.0,-0.0,0.0,0.0,21:06:31
774,50570.0,44.0,0.0,0.0,50580.0,22.0,2.0,-0.0,0.0,0.0,21:06:32
775,50570.0,48.0,4.0,0.0,50580.0,21.0,-1.0,-0.0,0.0,0.0,21:06:32
776,50570.0,48.0,0.0,0.0,50580.0,19.0,-2.0,-0.0,0.0,0.0,21:06:33
777,50570.0,46.0,-2.0,0.0,50580.0,19.0,0.0,8.0,8.0,-8.0,21:06:33
778,50570.0,46.0,0.0,0.0,50580.0,19.0,0.0,-0.0,0.0,0.0,21:06:34
779,50570.0,46.0,0.0,4.0,50580.0,17.0,-2.0,-0.0,4.0,4.0,21:06:34
780,50570.0,45.0,-1.0,0.0,50580.0,13.0,-4.0,-0.0,0.0,0.0,21:06:35
781,50570.0,44.0,-1.0,0.0,50580.0,6.0,-7.0,2.0,2.0,-2.0,21:06:35
782,50570.0,45.0,1.0,8.0,50590.0,37.0,0.0,8.0,16.0,0.0,21:06:36
783,50580.0,5.0,0.0,0.0,50590.0,32.0,-5.0,-0.0,0.0,0.0,21:06:36
784,50580.0,22.0,17.0,0.0,50590.0,31.0,-1.0,-0.0,0.0,0.0,21:06:37
785,50580.0,23.0,1.0,0.0,50590.0,30.0,-1.0,-0.0,0.0,0.0,21:06:37
786,50580.0,24.0,1.0,0.0,50590.0,29.0,-1.0,-0.0,0.0,0.0,21:06:38
787,50580.0,22.0,-2.0,0.0,50590.0,29.0,0.0,4.0,4.0,-4.0,21:06:38
788,50580.0,24.0,2.0,0.0,50590.0,29.0,0.0,-0.0,0.0,0.0,21:06:39
789,50580.0,28.0,4.0,0.0,50590.0,14.0,-15.0,-0.0,0.0,0.0,21:06:39
790,50580.0,30.0,2.0,12.0,50590.0,5.0,-9.0,2.0,14.0,10.0,21:06:40
791,50580.0,20.0,-10.0,14.0,50590.0,3.0,-2.0,-0.0,14.0,14.0,21:06:40
792,50580.0,28.0,8.0,0.0,50590.0,8.0,5.0,-0.0,0.0,0.0,21:06:41
793,50580.0,36.0,8.0,4.0,50590.0,14.0,6.0,-0.0,4.0,4.0,21:06:41
794,50580.0,24.0,-12.0,0.0,50590.0,14.0,0.0,-0.0,0.0,0.0,21:06:42
795,50580.0,24.0,0.0,0.0,50590.0,16.0,2.0,-0.0,0.0,0.0,21:06:42
796,50580.0,25.0,1.0,0.0,50590.0,8.0,-8.0,-0.0,0.0,0.0,21:06:43
797,50580.0,25.0,0.0,0.0,50590.0,8.0,0.0,-0.0,0.0,0.0,21:06:43
798,50580.0,26.0,1.0,0.0,50590.0,8.0,0.0,-0.0,0.0,0.0,21:06:44
799,50580.0,27.0,1.0,0.0,50590.0,8.0,0.0,-0.0,0.0,0.0,21:06:44
800,50580.0,28.0,1.0,0.0,50590.0,8.0,0.0,-0.0,0.0,0.0,21:06:45
801,50580.0,27.0,-1.0,2.0,50590.0,7.0,-1.0,-0.0,2.0,2.0,21:06:45
802,50580.0,23.0,-4.0,2.0,50590.0,7.0,0.0,8.0,10.0,-6.0,21:06:46
803,50580.0,24.0,1.0,2.0,50590.0,6.0,-1.0,-0.0,2.0,2.0,21:06:46
804,50580.0,25.0,1.0,0.0,50590.0,6.0,0.0,-0.0,0.0,0.0,21:06:47
805,50580.0,23.0,-2.0,0.0,50590.0,6.0,0.0,-0.0,0.0,0.0,21:06:47
806,50590.0,12.0,0.0,14.0,50600.0,31.0,0.0,0.0,14.0,14.0,21:06:48
807,50590.0,13.0,1.0,0.0,50600.0,28.0,-3.0,4.0,4.0,-4.0,21:06:48
808,50590.0,19.0,6.0,0.0,50600.0,28.0,0.0,2.0,2.0,-2.0,21:06:49
809,50590.0,19.0,0.0,2.0,50600.0,26.0,-2.0,-0.0,2.0,2.0,21:06:49
810,50590.0,23.0,4.0,0.0,50600.0,26.0,0.0,2.0,2.0,-2.0,21:06:50
811,50590.0,23.0,0.0,0.0,50600.0,26.0,0.0,-0.0,0.0,0.0,21:06:50
812,50590.0,22.0,-1.0,4.0,50600.0,24.0,-2.0,2.0,6.0,2.0,21:06:51
813,50590.0,24.0,2.0,0.0,50600.0,25.0,1.0,-0.0,0.0,0.0,21:06:51
814,50590.0,25.0,1.0,0.0,50600.0,25.0,0.0,-0.0,0.0,0.0,21:06:52
815,50590.0,18.0,-7.0,0.0,50600.0,22.0,-3.0,16.0,16.0,-16.0,21:06:52
816,50590.0,1.0,-17.0,0.0,50600.0,24.0,2.0,40.0,40.0,-40.0,21:06:53
817,50580.0,79.0,0.0,0.0,50590.0,4.0,0.0,2.0,2.0,-2.0,21:06:53
818,50590.0,3.0,0.0,6.0,50600.0,25.0,0.0,0.0,6.0,6.0,21:06:54
819,50590.0,11.0,8.0,0.0,50600.0,25.0,0.0,4.0,4.0,-4.0,21:06:54
820,50590.0,11.0,0.0,0.0,50600.0,26.0,1.0,2.0,2.0,-2.0,21:06:55
821,50590.0,4.0,-7.0,0.0,50600.0,26.0,0.0,-0.0,0.0,0.0,21:06:56
822,50590.0,8.0,4.0,0.0,50600.0,29.0,3.0,-0.0,0.0,0.0,21:06:56
823,50590.0,11.0,3.0,20.0,50600.0,23.0,-6.0,-0.0,20.0,20.0,21:06:57
824,50580.0,88.0,0.0,0.0,50590.0,7.0,0.0,38.0,38.0,-38.0,21:06:57
825,50580.0,76.0,-12.0,0.0,50590.0,21.0,14.0,-0.0,0.0,0.0,21:06:58
826,50580.0,73.0,-3.0,0.0,50590.0,18.0,-3.0,4.0,4.0,-4.0,21:06:58
827,50580.0,72.0,-1.0,0.0,50590.0,18.0,0.0,-0.0,0.0,0.0,21:06:59
828,50580.0,72.0,0.0,0.0,50590.0,22.0,4.0,-0.0,0.0,0.0,21:06:59
829,50580.0,71.0,-1.0,16.0,50590.0,16.0,-6.0,-0.0,16.0,16.0,21:07:00
830,50580.0,71.0,0.0,2.0,50590.0,16.0,0.0,-0.0,2.0,2.0,21:07:00
831,50580.0,73.0,2.0,4.0,50590.0,13.0,-3.0,-0.0,4.0,4.0,21:07:01
832,50580.0,76.0,3.0,0.0,50590.0,13.0,0.0,-0.0,0.0,0.0,21:07:01
833,50580.0,76.0,0.0,0.0,50590.0,7.0,-6.0,-0.0,0.0,0.0,21:07:02
834,50580.0,77.0,1.0,6.0,50590.0,3.0,-4.0,-0.0,6.0,6.0,21:07:02
835,50580.0,77.0,0.0,10.0,50590.0,1.0,-2.0,-0.0,10.0,10.0,21:07:03
836,50580.0,73.0,-4.0,1.0,50600.0,32.0,0.0,9.0,10.0,-8.0,21:07:03
837,50580.0,68.0,-5.0,0.0,50590.0,3.0,0.0,6.0,6.0,-6.0,21:07:04
838,50580.0,68.0,0.0,0.0,50590.0,12.0,9.0,-0.0,0.0,0.0,21:07:04
839,50580.0,67.0,-1.0,0.0,50590.0,14.0,2.0,-0.0,0.0,0.0,21:07:05
840,50580.0,67.0,0.0,0.0,50590.0,14.0,0.0,-0.0,0.0,0.0,21:07:05
841,50580.0,67.0,0.0,0.0,50590.0,18.0,4.0,-0.0,0.0,0.0,21:07:06
842,50580.0,67.0,0.0,0.0,50590.0,20.0,2.0,-0.0,0.0,0.0,21:07:06
843,50580.0,67.0,0.0,4.0,50590.0,16.0,-4.0,-0.0,4.0,4.0,21:07:07
844,50580.0,55.0,-12.0,0.0,50590.0,20.0,4.0,22.0,22.0,-22.0,21:07:07
845,50580.0,49.0,-6.0,0.0,50590.0,20.0,0.0,12.0,12.0,-12.0,21:07:08
846,50570.0,53.0,0.0,49.0,50590.0,26.0,6.0,49.0,98.0,0.0,21:07:08
847,50570.0,50.0,-3.0,2.0,50580.0,1.0,0.0,-0.0,2.0,2.0,21:07:09
848,50570.0,50.0,0.0,0.0,50580.0,15.0,14.0,4.0,4.0,-4.0,21:07:09
849,50570.0,46.0,-4.0,2.0,50580.0,22.0,7.0,-0.0,2.0,2.0,21:07:10
850,50570.0,42.0,-4.0,0.0,50580.0,22.0,0.0,8.0,8.0,-8.0,21:07:10
851,50570.0,41.0,-1.0,0.0,50580.0,22.0,0.0,2.0,2.0,-2.0,21:07:11
852,50570.0,41.0,0.0,0.0,50580.0,22.0,0.0,-0.0,0.0,0.0,21:07:11
853,50570.0,41.0,0.0,2.0,50580.0,21.0,-1.0,-0.0,2.0,2.0,21:07:12
854,50570.0,39.0,-2.0,0.0,50580.0,23.0,2.0,4.0,4.0,-4.0,21:07:13
855,50570.0,9.0,-30.0,0.0,50580.0,23.0,0.0,58.0,58.0,-58.0,21:07:13
856,50560.0,64.0,0.0,0.0,50570.0,2.0,0.0,18.0,18.0,-18.0,21:07:14
857,50560.0,61.0,-3.0,10.0,50570.0,5.0,3.0,8.0,18.0,2.0,21:07:14
858,50560.0,60.0,-1.0,0.0,50570.0,5.0,0.0,6.0,6.0,-6.0,21:07:15
859,50560.0,59.0,-1.0,0.0,50570.0,6.0,1.0,2.0,2.0,-2.0,21:07:15
860,50570.0,50.0,0.0,12.0,50580.0,28.0,0.0,0.0,12.0,12.0,21:07:16
861,50570.0,53.0,3.0,0.0,50580.0,27.0,-1.0,-0.0,0.0,0.0,21:07:16
862,50570.0,53.0,0.0,0.0,50580.0,23.0,-4.0,-0.0,0.0,0.0,21:07:17
863,50570.0,54.0,1.0,0.0,50580.0,28.0,5.0,-0.0,0.0,0.0,21:07:17
864,50570.0,54.0,0.0,0.0,50580.0,24.0,-4.0,-0.0,0.0,0.0,21:07:18
865,50560.0,69.0,0.0,0.0,50570.0,4.0,0.0,114.0,114.0,-114.0,21:07:18
866,50560.0,72.0,3.0,10.0,50570.0,12.0,8.0,-0.0,10.0,10.0,21:07:19
867,50560.0,68.0,-4.0,4.0,50570.0,16.0,4.0,-0.0,4.0,4.0,21:07:19
868,50560.0,70.0,2.0,0.0,50570.0,17.0,1.0,2.0,2.0,-2.0,21:07:20
869,50560.0,68.0,-2.0,0.0,50570.0,15.0,-2.0,4.0,4.0,-4.0,21:07:20
870,50560.0,73.0,5.0,0.0,50570.0,15.0,0.0,-0.0,0.0,0.0,21:07:21
871,50560.0,72.0,-1.0,2.0,50570.0,16.0,1.0,-0.0,2.0,2.0,21:07:21
872,50560.0,73.0,1.0,2.0,50570.0,16.0,0.0,-0.0,2.0,2.0,21:07:22
873,50560.0,73.0,0.0,0.0,50570.0,16.0,0.0,-0.0,0.0,0.0,21:07:23
874,50560.0,72.0,-1.0,2.0,50570.0,14.0,-2.0,2.0,4.0,0.0,21:07:23
875,50560.0,73.0,1.0,0.0,50570.0,14.0,0.0,-0.0,0.0,0.0,21:07:24
876,50560.0,73.0,0.0,0.0,50570.0,14.0,0.0,-0.0,0.0,0.0,21:07:24
877,50560.0,73.0,0.0,2.0,50570.0,15.0,1.0,-0.0,2.0,2.0,21:07:25
878,50560.0,76.0,3.0,0.0,50570.0,14.0,-1.0,-0.0,0.0,0.0,21:07:25
879,50560.0,78.0,2.0,0.0,50570.0,14.0,0.0,-0.0,0.0,0.0,21:07:26
880,50560.0,78.0,0.0,0.0,50570.0,14.0,0.0,-0.0,0.0,0.0,21:07:26
881,50560.0,78.0,0.0,0.0,50570.0,14.0,0.0,-0.0,0.0,0.0,21:07:27
882,50560.0,79.0,1.0,2.0,50570.0,13.0,-1.0,-0.0,2.0,2.0,21:07:28
883,50560.0,78.0,-1.0,0.0,50570.0,13.0,0.0,2.0,2.0,-2.0,21:07:28
884,50560.0,78.0,0.0,0.0,50570.0,13.0,0.0,-0.0,0.0,0.0,21:07:29
885,50560.0,60.0,-18.0,2.0,50570.0,12.0,-1.0,-0.0,2.0,2.0,21:07:29
886,50570.0,8.0,0.0,24.0,50580.0,36.0,0.0,0.0,24.0,24.0,21:07:30
887,50570.0,8.0,0.0,0.0,50580.0,34.0,-2.0,6.0,6.0,-6.0,21:07:30
888,50570.0,8.0,0.0,2.0,50580.0,33.0,-1.0,-0.0,2.0,2.0,21:07:32
889,50570.0,19.0,11.0,0.0,50580.0,35.0,2.0,-0.0,0.0,0.0,21:07:32
890,50570.0,20.0,1.0,0.0,50580.0,35.0,0.0,2.0,2.0,-2.0,21:07:33
891,50570.0,17.0,-3.0,0.0,50580.0,35.0,0.0,2.0,2.0,-2.0,21:07:33
892,50570.0,47.0,30.0,0.0,50580.0,35.0,0.0,-0.0,0.0,0.0,21:07:34
893,50570.0,48.0,1.0,0.0,50580.0,36.0,1.0,-0.0,0.0,0.0,21:07:34
894,50570.0,48.0,0.0,10.0,50580.0,32.0,-4.0,-0.0,10.0,10.0,21:07:35
895,50570.0,49.0,1.0,2.0,50580.0,23.0,-9.0,2.0,4.0,0.0,21:07:35
896,50570.0,40.0,-9.0,0.0,50580.0,19.0,-4.0,24.0,24.0,-24.0,21:07:36
897,50570.0,40.0,0.0,2.0,50580.0,18.0,-1.0,-0.0,2.0,2.0,21:07:36
898,50570.0,40.0,0.0,2.0,50580.0,17.0,-1.0,-0.0,2.0,2.0,21:07:37
899,50570.0,40.0,0.0,0.0,50580.0,15.0,-2.0,-0.0,0.0,0.0,21:07:37
900,50570.0,40.0,0.0,0.0,50580.0,13.0,-2.0,-0.0,0.0,0.0,21:07:38
901,50570.0,40.0,0.0,0.0,50580.0,13.0,0.0,-0.0,0.0,0.0,21:07:38
902,50570.0,41.0,1.0,2.0,50580.0,12.0,-1.0,-0.0,2.0,2.0,21:07:39
903,50570.0,40.0,-1.0,0.0,50580.0,12.0,0.0,2.0,2.0,-2.0,21:07:39
904,50570.0,38.0,-2.0,0.0,50580.0,12.0,0.0,4.0,4.0,-4.0,21:07:40
905,50570.0,37.0,-1.0,0.0,50580.0,12.0,0.0,2.0,2.0,-2.0,21:07:41
906,50570.0,35.0,-2.0,0.0,50580.0,11.0,-1.0,-0.0,0.0,0.0,21:07:41
907,50570.0,34.0,-1.0,0.0,50580.0,12.0,1.0,2.0,2.0,-2.0,21:07:42
908,50570.0,34.0,0.0,0.0,50580.0,14.0,2.0,-0.0,0.0,0.0,21:07:42
909,50570.0,34.0,0.0,0.0,50580.0,14.0,0.0,-0.0,0.0,0.0,21:07:43
910,50570.0,36.0,2.0,0.0,50580.0,14.0,0.0,-0.0,0.0,0.0,21:07:43
911,50570.0,37.0,1.0,0.0,50580.0,14.0,0.0,-0.0,0.0,0.0,21:07:44
912,50570.0,37.0,0.0,0.0,50580.0,12.0,-2.0,-0.0,0.0,0.0,21:07:45
913,50570.0,40.0,3.0,0.0,50580.0,13.0,1.0,-0.0,0.0,0.0,21:07:45
914,50570.0,41.0,1.0,0.0,50580.0,13.0,0.0,-0.0,0.0,0.0,21:07:46
915,50580.0,4.0,0.0,26.0,50590.0,32.0,0.0,0.0,26.0,26.0,21:07:46
916,50580.0,19.0,15.0,0.0,50590.0,26.0,-6.0,-0.0,0.0,0.0,21:07:47
917,50580.0,23.0,4.0,0.0,50590.0,26.0,0.0,-0.0,0.0,0.0,21:07:47
918,50580.0,23.0,0.0,0.0,50590.0,30.0,4.0,-0.0,0.0,0.0,21:07:48
919,50580.0,21.0,-2.0,0.0,50590.0,30.0,0.0,-0.0,0.0,0.0,21:07:48
920,50580.0,19.0,-2.0,0.0,50590.0,30.0,0.0,4.0,4.0,-4.0,21:07:49
921,50580.0,19.0,0.0,0.0,50590.0,30.0,0.0,-0.0,0.0,0.0,21:07:49
922,50580.0,19.0,0.0,0.0,50590.0,30.0,0.0,-0.0,0.0,0.0,21:07:50
923,50580.0,17.0,-2.0,0.0,50590.0,30.0,0.0,-0.0,0.0,0.0,21:07:50
924,50580.0,17.0,0.0,0.0,50590.0,30.0,0.0,-0.0,0.0,0.0,21:07:51
925,50580.0,17.0,0.0,0.0,50590.0,30.0,0.0,-0.0,0.0,0.0,21:07:51
926,50580.0,15.0,-2.0,0.0,50590.0,30.0,0.0,-0.0,0.0,0.0,21:07:52
927,50580.0,17.0,2.0,0.0,50590.0,30.0,0.0,-0.0,0.0,0.0,21:07:53
928,50580.0,17.0,0.0,2.0,50590.0,29.0,-1.0,-0.0,2.0,2.0,21:07:53
929,50580.0,15.0,-2.0,0.0,50590.0,29.0,0.0,4.0,4.0,-4.0,21:07:54
930,50580.0,4.0,-11.0,0.0,50590.0,34.0,5.0,8.0,8.0,-8.0,21:07:54
931,50570.0,75.0,0.0,0.0,50580.0,39.0,0.0,8.0,8.0,-8.0,21:07:55
932,50570.0,74.0,-1.0,2.0,50580.0,40.0,1.0,-0.0,2.0,2.0,21:07:55
933,50570.0,72.0,-2.0,0.0,50580.0,41.0,1.0,-0.0,0.0,0.0,21:07:56
934,50570.0,72.0,0.0,2.0,50580.0,42.0,1.0,-0.0,2.0,2.0,21:07:56
935,50570.0,70.0,-2.0,0.0,50580.0,42.0,0.0,-0.0,0.0,0.0,21:07:57
936,50570.0,66.0,-4.0,0.0,50580.0,42.0,0.0,8.0,8.0,-8.0,21:07:57
937,50570.0,68.0,2.0,0.0,50580.0,42.0,0.0,-0.0,0.0,0.0,21:07:58
938,50570.0,70.0,2.0,26.0,50580.0,27.0,-15.0,-0.0,26.0,26.0,21:07:58
939,50580.0,4.0,0.0,52.0,50590.0,42.0,0.0,0.0,52.0,52.0,21:07:59
940,50580.0,32.0,28.0,0.0,50590.0,35.0,-7.0,-0.0,0.0,0.0,21:07:59
941,50580.0,34.0,2.0,0.0,50590.0,35.0,0.0,-0.0,0.0,0.0,21:08:00
942,50580.0,34.0,0.0,0.0,50590.0,33.0,-2.0,-0.0,0.0,0.0,21:08:00
943,50580.0,34.0,0.0,0.0,50590.0,33.0,0.0,-0.0,0.0,0.0,21:08:01
944,50580.0,34.0,0.0,0.0,50590.0,33.0,0.0,-0.0,0.0,0.0,21:08:01
945,50580.0,33.0,-1.0,0.0,50590.0,33.0,0.0,2.0,2.0,-2.0,21:08:02
946,50580.0,26.0,-7.0,2.0,50590.0,34.0,1.0,-0.0,2.0,2.0,21:08:02
947,50580.0,24.0,-2.0,0.0,50590.0,34.0,0.0,-0.0,0.0,0.0,21:08:03
948,50580.0,23.0,-1.0,0.0,50590.0,34.0,0.0,2.0,2.0,-2.0,21:08:03
949,50580.0,23.0,0.0,10.0,50590.0,29.0,-5.0,-0.0,10.0,10.0,21:08:04
950,50580.0,26.0,3.0,0.0,50590.0,27.0,-2.0,-0.0,0.0,0.0,21:08:04
951,50580.0,26.0,0.0,0.0,50590.0,27.0,0.0,-0.0,0.0,0.0,21:08:05
952,50580.0,26.0,0.0,0.0,50590.0,28.0,1.0,-0.0,0.0,0.0,21:08:06
953,50580.0,23.0,-3.0,0.0,50590.0,28.0,0.0,2.0,2.0,-2.0,21:08:07
954,50580.0,22.0,-1.0,0.0,50590.0,31.0,3.0,-0.0,0.0,0.0,21:08:07
955,50580.0,18.0,-4.0,0.0,50590.0,31.0,0.0,8.0,8.0,-8.0,21:08:08
956,50580.0,4.0,-14.0,0.0,50590.0,31.0,0.0,24.0,24.0,-24.0,21:08:08
957,50570.0,77.0,0.0,0.0,50580.0,34.0,0.0,8.0,8.0,-8.0,21:08:09
958,50570.0,74.0,-3.0,0.0,50580.0,39.0,5.0,-0.0,0.0,0.0,21:08:09
959,50570.0,74.0,0.0,0.0,50580.0,40.0,1.0,-0.0,0.0,0.0,21:08:10
960,50570.0,75.0,1.0,0.0,50580.0,40.0,0.0,-0.0,0.0,0.0,21:08:10
961,50570.0,74.0,-1.0,0.0,50580.0,39.0,-1.0,-0.0,0.0,0.0,21:08:11
962,50570.0,74.0,0.0,0.0,50580.0,41.0,2.0,-0.0,0.0,0.0,21:08:11
963,50570.0,74.0,0.0,2.0,50580.0,41.0,0.0,-0.0,2.0,2.0,21:08:12
964,50570.0,72.0,-2.0,6.0,50580.0,39.0,-2.0,2.0,8.0,4.0,21:08:12
965,50570.0,72.0,0.0,0.0,50580.0,39.0,0.0,-0.0,0.0,0.0,21:08:13
966,50570.0,62.0,-10.0,0.0,50580.0,38.0,-1.0,20.0,20.0,-20.0,21:08:14
967,50570.0,56.0,-6.0,0.0,50580.0,36.0,-2.0,12.0,12.0,-12.0,21:08:14
968,50570.0,48.0,-8.0,0.0,50580.0,37.0,1.0,14.0,14.0,-14.0,21:08:15
969,50570.0,48.0,0.0,0.0,50580.0,37.0,0.0,-0.0,0.0,0.0,21:08:15
970,50570.0,48.0,0.0,0.0,50580.0,37.0,0.0,-0.0,0.0,0.0,21:08:16
971,50570.0,48.0,0.0,0.0,50580.0,31.0,-6.0,-0.0,0.0,0.0,21:08:17
972,50570.0,49.0,1.0,0.0,50580.0,29.0,-2.0,2.0,2.0,-2.0,21:08:17
973,50570.0,49.0,0.0,0.0,50580.0,29.0,0.0,-0.0,0.0,0.0,21:08:18
974,50570.0,49.0,0.0,0.0,50580.0,30.0,1.0,-0.0,0.0,0.0,21:08:19
975,50570.0,47.0,-2.0,0.0,50580.0,25.0,-5.0,-0.0,0.0,0.0,21:08:19
976,50570.0,46.0,-1.0,2.0,50580.0,24.0,-1.0,2.0,4.0,0.0,21:08:20
977,50570.0,27.0,-19.0,2.0,50580.0,27.0,3.0,38.0,40.0,-36.0,21:08:20
978,50570.0,25.0,-2.0,0.0,50580.0,29.0,2.0,6.0,6.0,-6.0,21:08:21
979,50570.0,25.0,0.0,0.0,50580.0,30.0,1.0,-0.0,0.0,0.0,21:08:21
980,50570.0,25.0,0.0,0.0,50580.0,27.0,-3.0,-0.0,0.0,0.0,21:08:22
981,50570.0,23.0,-2.0,0.0,50580.0,29.0,2.0,4.0,4.0,-4.0,21:08:22
982,50570.0,21.0,-2.0,0.0,50580.0,33.0,4.0,4.0,4.0,-4.0,21:08:23
983,50570.0,21.0,0.0,0.0,50580.0,38.0,5.0,-0.0,0.0,0.0,21:08:23
984,50570.0,19.0,-2.0,0.0,50580.0,38.0,0.0,4.0,4.0,-4.0,21:08:25
985,50570.0,21.0,2.0,0.0,50580.0,38.0,0.0,-0.0,0.0,0.0,21:08:25
986,50570.0,8.0,-13.0,4.0,50580.0,36.0,-2.0,30.0,34.0,-26.0,21:08:26
987,50570.0,7.0,-1.0,2.0,50580.0,37.0,1.0,4.0,6.0,-2.0,21:08:27
988,50570.0,5.0,-2.0,0.0,50580.0,37.0,0.0,4.0,4.0,-4.0,21:08:27
989,50560.0,49.0,0.0,0.0,50570.0,9.0,0.0,12.0,12.0,-12.0,21:08:28
990,50560.0,37.0,-12.0,0.0,50570.0,41.0,32.0,16.0,16.0,-16.0,21:08:28
991,50560.0,22.0,-15.0,10.0,50570.0,37.0,-4.0,24.0,34.0,-14.0,21:08:29
992,50560.0,10.0,-12.0,0.0,50570.0,38.0,1.0,24.0,24.0,-24.0,21:08:29
993,50550.0,57.0,0.0,0.0,50560.0,6.0,0.0,20.0,20.0,-20.0,21:08:30
994,50550.0,45.0,-12.0,0.0,50560.0,23.0,17.0,24.0,24.0,-24.0,21:08:30
995,50550.0,29.0,-16.0,0.0,50560.0,31.0,8.0,32.0,32.0,-32.0,21:08:31
996,50540.0,27.0,0.0,0.0,50550.0,4.0,0.0,56.0,56.0,-56.0,21:08:31
997,50540.0,21.0,-6.0,6.0,50550.0,13.0,9.0,16.0,22.0,-10.0,21:08:32
998,50540.0,20.0,-1.0,0.0,50550.0,24.0,11.0,2.0,2.0,-2.0,21:08:32
999,50540.0,15.0,-5.0,0.0,50550.0,29.0,5.0,12.0,12.0,-12.0,21:08:33
1000,50530.0,40.0,0.0,0.0,50540.0,2.0,0.0,30.0,30.0,-30.0,21:08:33
1001,50530.0,33.0,-7.0,0.0,50540.0,22.0,20.0,14.0,14.0,-14.0,21:08:34
1002,50530.0,19.0,-14.0,8.0,50540.0,19.0,-3.0,24.0,32.0,-16.0,21:08:34
1003,50530.0,17.0,-2.0,0.0,50540.0,29.0,10.0,4.0,4.0,-4.0,21:08:35
1004,50520.0,16.0,0.0,0.0,50530.0,1.0,0.0,38.0,38.0,-38.0,21:08:35
1005,50520.0,28.0,12.0,8.0,50530.0,4.0,3.0,14.0,22.0,-6.0,21:08:36
1006,50520.0,31.0,3.0,12.0,50530.0,1.0,-3.0,-0.0,12.0,12.0,21:08:36
1007,50520.0,30.0,-1.0,2.0,50540.0,34.0,0.0,4.0,6.0,-2.0,21:08:37
1008,50520.0,34.0,4.0,2.0,50530.0,19.0,0.0,20.0,22.0,-18.0,21:08:37
1009,50530.0,2.0,0.0,50.0,50540.0,34.0,0.0,0.0,50.0,50.0,21:08:38
1010,50530.0,2.0,0.0,6.0,50540.0,36.0,2.0,10.0,16.0,-4.0,21:08:38
1011,50520.0,23.0,0.0,0.0,50530.0,3.0,0.0,8.0,8.0,-8.0,21:08:39
1012,50520.0,21.0,-2.0,0.0,50530.0,13.0,10.0,2.0,2.0,-2.0,21:08:39
1013,50520.0,14.0,-7.0,2.0,50530.0,12.0,-1.0,16.0,18.0,-14.0,21:08:40
1014,50520.0,21.0,7.0,6.0,50530.0,18.0,6.0,-0.0,6.0,6.0,21:08:40
1015,50520.0,25.0,4.0,4.0,50530.0,16.0,-2.0,6.0,10.0,-2.0,21:08:41
1016,50520.0,28.0,3.0,2.0,50530.0,15.0,-1.0,-0.0,2.0,2.0,21:08:41
1017,50520.0,23.0,-5.0,4.0,50530.0,16.0,1.0,12.0,16.0,-8.0,21:08:42
1018,50520.0,27.0,4.0,0.0,50530.0,18.0,2.0,2.0,2.0,-2.0,21:08:42
1019,50520.0,28.0,1.0,0.0,50530.0,16.0,-2.0,2.0,2.0,-2.0,21:08:43
1020,50520.0,6.0,-22.0,10.0,50530.0,24.0,8.0,56.0,66.0,-46.0,21:08:43
1021,50520.0,9.0,3.0,0.0,50530.0,16.0,-8.0,34.0,34.0,-34.0,21:08:44
1022,50520.0,1.0,-8.0,0.0,50530.0,31.0,15.0,12.0,12.0,-12.0,21:08:44
1023,50510.0,30.0,0.0,0.0,50520.0,4.0,0.0,4.0,4.0,-4.0,21:08:45
1024,50510.0,25.0,-5.0,4.0,50520.0,14.0,10.0,8.0,12.0,-4.0,21:08:45
1025,50510.0,23.0,-2.0,6.0,50520.0,21.0,7.0,4.0,10.0,2.0,21:08:46
1026,50500.0,35.0,0.0,31.0,50520.0,21.0,0.0,27.0,58.0,4.0,21:08:46
1027,50500.0,16.0,-19.0,2.0,50510.0,5.0,0.0,52.0,54.0,-50.0,21:08:47
1028,50500.0,12.0,-4.0,0.0,50510.0,22.0,17.0,14.0,14.0,-14.0,21:08:47
1029,50500.0,2.0,-10.0,0.0,50510.0,47.0,25.0,14.0,14.0,-14.0,21:08:48
1030,50490.0,19.0,0.0,0.0,50500.0,10.0,0.0,10.0,10.0,-10.0,21:08:48
1031,50490.0,20.0,1.0,8.0,50500.0,23.0,13.0,8.0,16.0,0.0,21:08:49
1032,50490.0,15.0,-5.0,6.0,50500.0,32.0,9.0,10.0,16.0,-4.0,21:08:49
1033,50480.0,27.0,0.0,11.0,50500.0,38.0,6.0,9.0,20.0,2.0,21:08:50
1034,50480.0,31.0,4.0,12.0,50490.0,9.0,0.0,0.0,12.0,12.0,21:08:50
1035,50480.0,26.0,-5.0,0.0,50490.0,19.0,10.0,12.0,12.0,-12.0,21:08:51
1036,50480.0,23.0,-3.0,2.0,50490.0,36.0,17.0,10.0,12.0,-8.0,21:08:51
1037,50470.0,1.0,0.0,19.0,50490.0,34.0,-2.0,21.0,40.0,-2.0,21:08:52
1038,50470.0,35.0,34.0,20.0,50480.0,3.0,0.0,12.0,32.0,8.0,21:08:52
1039,50480.0,27.0,0.0,42.0,50490.0,33.0,0.0,0.0,42.0,42.0,21:08:53
1040,50480.0,29.0,2.0,2.0,50490.0,31.0,-2.0,10.0,12.0,-8.0,21:08:53
1041,50480.0,25.0,-4.0,0.0,50490.0,27.0,-4.0,6.0,6.0,-6.0,21:08:54
1042,50480.0,27.0,2.0,50.0,50490.0,1.0,-26.0,2.0,52.0,48.0,21:08:54
1043,50490.0,12.0,0.0,16.0,50500.0,62.0,0.0,0.0,16.0,16.0,21:08:55
1044,50490.0,22.0,10.0,0.0,50500.0,56.0,-6.0,6.0,6.0,-6.0,21:08:55
1045,50490.0,24.0,2.0,2.0,50500.0,55.0,-1.0,16.0,18.0,-14.0,21:08:56
1046,50490.0,24.0,0.0,2.0,50500.0,55.0,0.0,2.0,4.0,0.0,21:08:56
1047,50490.0,14.0,-10.0,0.0,50500.0,53.0,-2.0,20.0,20.0,-20.0,21:08:57
1048,50490.0,13.0,-1.0,0.0,50500.0,53.0,0.0,2.0,2.0,-2.0,21:08:57
1049,50490.0,14.0,1.0,14.0,50500.0,46.0,-7.0,4.0,18.0,10.0,21:08:58
1050,50490.0,10.0,-4.0,4.0,50500.0,44.0,-2.0,8.0,12.0,-4.0,21:08:58
1051,50490.0,18.0,8.0,0.0,50500.0,44.0,0.0,2.0,2.0,-2.0,21:08:59
1052,50490.0,15.0,-3.0,4.0,50500.0,43.0,-1.0,8.0,12.0,-4.0,21:08:59
1053,50490.0,11.0,-4.0,4.0,50500.0,41.0,-2.0,12.0,16.0,-8.0,21:09:00
1054,50490.0,6.0,-5.0,0.0,50500.0,41.0,0.0,-0.0,0.0,0.0,21:09:00
1055,50480.0,34.0,0.0,0.0,50490.0,17.0,0.0,22.0,22.0,-22.0,21:09:01
1056,50480.0,38.0,4.0,30.0,50490.0,6.0,-11.0,-0.0,30.0,30.0,21:09:01
1057,50480.0,32.0,-6.0,10.0,50490.0,2.0,-4.0,12.0,22.0,-2.0,21:09:02
1058,50480.0,36.0,4.0,4.0,50490.0,23.0,21.0,-0.0,4.0,4.0,21:09:02
1059,50480.0,33.0,-3.0,2.0,50490.0,24.0,1.0,12.0,14.0,-10.0,21:09:03
1060,50480.0,59.0,26.0,8.0,50490.0,22.0,-2.0,-0.0,8.0,8.0,21:09:03
1061,50480.0,56.0,-3.0,26.0,50490.0,15.0,-7.0,12.0,38.0,14.0,21:09:04
1062,50480.0,50.0,-6.0,15.0,50500.0,42.0,0.0,29.0,44.0,-14.0,21:09:04
1063,50490.0,1.0,0.0,-10.0,50500.0,42.0,0.0,20.0,10.0,-30.0,21:09:05
1064,50480.0,44.0,0.0,1.0,50500.0,44.0,2.0,13.0,14.0,-12.0,21:09:05
1065,50490.0,1.0,0.0,-8.0,50500.0,45.0,1.0,16.0,8.0,-24.0,21:09:06
1066,50480.0,59.0,0.0,0.0,50490.0,26.0,0.0,8.0,8.0,-8.0,21:09:06
1067,50480.0,72.0,13.0,16.0,50490.0,19.0,-7.0,14.0,30.0,2.0,21:09:07
1068,50480.0,74.0,2.0,34.0,50490.0,13.0,-6.0,-0.0,34.0,34.0,21:09:07
1069,50490.0,31.0,0.0,38.0,50500.0,44.0,0.0,0.0,38.0,38.0,21:09:08
1070,50490.0,17.0,-14.0,0.0,50500.0,42.0,-2.0,36.0,36.0,-36.0,21:09:08
1071,50490.0,19.0,2.0,28.0,50500.0,29.0,-13.0,8.0,36.0,20.0,21:09:09
1072,50490.0,19.0,0.0,10.0,50500.0,22.0,-7.0,4.0,14.0,6.0,21:09:09
1073,50490.0,12.0,-7.0,23.0,50510.0,39.0,0.0,39.0,62.0,-16.0,21:09:10
1074,50500.0,2.0,0.0,0.0,50510.0,32.0,-7.0,-0.0,0.0,0.0,21:09:10
1075,50500.0,7.0,5.0,0.0,50510.0,32.0,0.0,10.0,10.0,-10.0,21:09:11
1076,50500.0,6.0,-1.0,0.0,50510.0,32.0,0.0,4.0,4.0,-4.0,21:09:11
1077,50500.0,4.0,-2.0,2.0,50510.0,31.0,-1.0,4.0,6.0,-2.0,21:09:12
1078,50490.0,37.0,0.0,3.0,50510.0,31.0,0.0,3.0,6.0,0.0,21:09:12
1079,50490.0,47.0,10.0,1.0,50510.0,34.0,3.0,1.0,2.0,0.0,21:09:13
1080,50490.0,57.0,10.0,6.0,50500.0,5.0,0.0,0.0,6.0,6.0,21:09:13
1081,50500.0,8.0,0.0,16.0,50510.0,32.0,0.0,0.0,16.0,16.0,21:09:14
1082,50500.0,6.0,-2.0,4.0,50510.0,31.0,-1.0,4.0,8.0,0.0,21:09:14
1083,50500.0,9.0,3.0,14.0,50510.0,25.0,-6.0,-0.0,14.0,14.0,21:09:15
1084,50500.0,13.0,4.0,0.0,50510.0,24.0,-1.0,10.0,10.0,-10.0,21:09:15
1085,50500.0,29.0,16.0,0.0,50510.0,28.0,4.0,-0.0,0.0,0.0,21:09:16
1086,50500.0,22.0,-7.0,2.0,50510.0,24.0,-4.0,16.0,18.0,-14.0,21:09:16
1087,50500.0,16.0,-6.0,4.0,50510.0,24.0,0.0,-0.0,4.0,4.0,21:09:17
1088,50500.0,14.0,-2.0,2.0,50510.0,23.0,-1.0,-0.0,2.0,2.0,21:09:17
1089,50500.0,14.0,0.0,0.0,50510.0,28.0,5.0,-0.0,0.0,0.0,21:09:18
1090,50500.0,14.0,0.0,2.0,50510.0,27.0,-1.0,-0.0,2.0,2.0,21:09:18
1091,50500.0,14.0,0.0,0.0,50510.0,26.0,-1.0,2.0,2.0,-2.0,21:09:19
1092,50500.0,16.0,2.0,4.0,50510.0,24.0,-2.0,-0.0,4.0,4.0,21:09:19
1093,50500.0,18.0,2.0,0.0,50510.0,20.0,-4.0,-0.0,0.0,0.0,21:09:20
1094,50500.0,19.0,1.0,0.0,50510.0,19.0,-1.0,-0.0,0.0,0.0,21:09:20
1095,50500.0,17.0,-2.0,0.0,50510.0,19.0,0.0,4.0,4.0,-4.0,21:09:21
1096,50500.0,17.0,0.0,0.0,50510.0,19.0,0.0,2.0,2.0,-2.0,21:09:21
1097,50500.0,20.0,3.0,0.0,50510.0,26.0,7.0,-0.0,0.0,0.0,21:09:22
1098,50500.0,17.0,-3.0,6.0,50510.0,30.0,4.0,4.0,10.0,2.0,21:09:22
1099,50500.0,19.0,2.0,4.0,50510.0,28.0,-2.0,-0.0,4.0,4.0,21:09:23
1100,50500.0,20.0,1.0,0.0,50510.0,26.0,-2.0,-0.0,0.0,0.0,21:09:23
1101,50500.0,12.0,-8.0,0.0,50510.0,26.0,0.0,16.0,16.0,-16.0,21:09:24
1102,50500.0,1.0,-11.0,4.0,50510.0,24.0,-2.0,24.0,28.0,-20.0,21:09:24
1103,50500.0,1.0,0.0,2.0,50510.0,22.0,-2.0,-0.0,2.0,2.0,21:09:25
1104,50500.0,11.0,10.0,12.0,50510.0,18.0,-4.0,-0.0,12.0,12.0,21:09:25
1105,50500.0,18.0,7.0,0.0,50510.0,16.0,-2.0,-0.0,0.0,0.0,21:09:26
1106,50500.0,121.0,103.0,2.0,50510.0,15.0,-1.0,-0.0,2.0,2.0,21:09:26
1107,50510.0,4.0,0.0,26.0,50520.0,24.0,0.0,0.0,26.0,26.0,21:09:27
1108,50510.0,4.0,0.0,38.0,50520.0,19.0,-5.0,6.0,44.0,32.0,21:09:27
1109,50510.0,34.0,30.0,14.0,50520.0,3.0,-16.0,-0.0,14.0,14.0,21:09:28
1110,50520.0,13.0,0.0,34.0,50530.0,21.0,0.0,0.0,34.0,34.0,21:09:28
1111,50520.0,24.0,11.0,2.0,50530.0,17.0,-4.0,-0.0,2.0,2.0,21:09:29
1112,50520.0,30.0,6.0,2.0,50530.0,13.0,-4.0,-0.0,2.0,2.0,21:09:29
1113,50520.0,32.0,2.0,0.0,50530.0,21.0,8.0,-0.0,0.0,0.0,21:09:30
1114,50520.0,32.0,0.0,0.0,50530.0,21.0,0.0,-0.0,0.0,0.0,21:09:30
1115,50520.0,33.0,1.0,2.0,50530.0,19.0,-2.0,-0.0,2.0,2.0,21:09:31
1116,50520.0,32.0,-1.0,4.0,50530.0,17.0,-2.0,2.0,6.0,2.0,21:09:31
1117,50520.0,32.0,0.0,8.0,50530.0,13.0,-4.0,-0.0,8.0,8.0,21:09:32
1118,50520.0,22.0,-10.0,0.0,50530.0,25.0,12.0,-0.0,0.0,0.0,21:09:32
1119,50520.0,19.0,-3.0,6.0,50530.0,25.0,0.0,-0.0,6.0,6.0,21:09:33
1120,50520.0,14.0,-5.0,8.0,50530.0,29.0,4.0,2.0,10.0,6.0,21:09:33
1121,50520.0,12.0,-2.0,0.0,50530.0,29.0,0.0,4.0,4.0,-4.0,21:09:34
1122,50520.0,11.0,-1.0,8.0,50530.0,25.0,-4.0,2.0,10.0,6.0,21:09:34
1123,50520.0,13.0,2.0,4.0,50530.0,31.0,6.0,2.0,6.0,2.0,21:09:35
1124,50510.0,30.0,0.0,0.0,50520.0,8.0,0.0,26.0,26.0,-26.0,21:09:35
1125,50510.0,45.0,15.0,22.0,50520.0,5.0,-3.0,-0.0,22.0,22.0,21:09:36
1126,50510.0,53.0,8.0,0.0,50520.0,6.0,1.0,2.0,2.0,-2.0,21:09:36
1127,50510.0,58.0,5.0,6.0,50520.0,3.0,-3.0,-0.0,6.0,6.0,21:09:37
1128,50510.0,59.0,1.0,2.0,50520.0,2.0,-1.0,-0.0,2.0,2.0,21:09:37
1129,50520.0,2.0,0.0,6.0,50530.0,41.0,0.0,0.0,6.0,6.0,21:09:38
1130,50510.0,59.0,0.0,0.0,50520.0,32.0,0.0,4.0,4.0,-4.0,21:09:38
1131,50510.0,64.0,5.0,0.0,50520.0,30.0,-2.0,4.0,4.0,-4.0,21:09:39
1132,50510.0,50.0,-14.0,2.0,50520.0,29.0,-1.0,-0.0,2.0,2.0,21:09:39
1133,50510.0,50.0,0.0,2.0,50520.0,30.0,1.0,-0.0,2.0,2.0,21:09:40
1134,50510.0,50.0,0.0,52.0,50520.0,5.0,-25.0,-0.0,52.0,52.0,21:09:40
1135,50520.0,1.0,0.0,10.0,50530.0,39.0,0.0,0.0,10.0,10.0,21:09:41
1136,50520.0,12.0,11.0,0.0,50530.0,38.0,-1.0,6.0,6.0,-6.0,21:09:41
1137,50520.0,14.0,2.0,0.0,50530.0,39.0,1.0,-0.0,0.0,0.0,21:09:42
1138,50520.0,5.0,-9.0,0.0,50530.0,39.0,0.0,2.0,2.0,-2.0,21:09:42
1139,50510.0,53.0,0.0,0.0,50520.0,8.0,0.0,20.0,20.0,-20.0,21:09:43
1140,50510.0,64.0,11.0,0.0,50520.0,15.0,7.0,2.0,2.0,-2.0,21:09:43
1141,50510.0,56.0,-8.0,0.0,50520.0,16.0,1.0,-0.0,0.0,0.0,21:09:44
1142,50510.0,51.0,-5.0,0.0,50520.0,18.0,2.0,-0.0,0.0,0.0,21:09:44
1143,50510.0,51.0,0.0,0.0,50520.0,18.0,0.0,-0.0,0.0,0.0,21:09:45
1144,50500.0,22.0,0.0,0.0,50510.0,4.0,0.0,122.0,122.0,-122.0,21:09:45
1145,50500.0,29.0,7.0,4.0,50510.0,18.0,14.0,2.0,6.0,2.0,21:09:46
1146,50500.0,14.0,-15.0,2.0,50510.0,21.0,3.0,-0.0,2.0,2.0,21:09:46
1147,50490.0,41.0,0.0,0.0,50500.0,2.0,0.0,26.0,26.0,-26.0,21:09:47
1148,50490.0,40.0,-1.0,0.0,50500.0,78.0,76.0,6.0,6.0,-6.0,21:09:47
1149,50490.0,18.0,-22.0,0.0,50500.0,83.0,5.0,34.0,34.0,-34.0,21:09:48
1150,50480.0,76.0,0.0,0.0,50490.0,16.0,0.0,62.0,62.0,-62.0,21:09:48
1151,50480.0,79.0,3.0,4.0,50490.0,25.0,9.0,2.0,6.0,2.0,21:09:49
1152,50480.0,78.0,-1.0,0.0,50490.0,53.0,28.0,2.0,2.0,-2.0,21:09:49
1153,50480.0,77.0,-1.0,4.0,50490.0,49.0,-4.0,2.0,6.0,2.0,21:09:50
1154,50480.0,53.0,-24.0,4.0,50490.0,47.0,-2.0,48.0,52.0,-44.0,21:09:50
1155,50480.0,45.0,-8.0,0.0,50490.0,50.0,3.0,16.0,16.0,-16.0,21:09:51
1156,50470.0,35.0,0.0,0.0,50480.0,1.0,0.0,98.0,98.0,-98.0,21:09:51
1157,50470.0,30.0,-5.0,0.0,50480.0,34.0,33.0,10.0,10.0,-10.0,21:09:52
1158,50470.0,7.0,-23.0,4.0,50480.0,39.0,5.0,34.0,38.0,-30.0,21:09:52
1159,50460.0,46.0,0.0,0.0,50470.0,10.0,0.0,18.0,18.0,-18.0,21:09:53
1160,50460.0,74.0,28.0,2.0,50470.0,23.0,13.0,12.0,14.0,-10.0,21:09:53
1161,50460.0,58.0,-16.0,2.0,50470.0,25.0,2.0,16.0,18.0,-14.0,21:09:54
1162,50460.0,62.0,4.0,10.0,50470.0,17.0,-8.0,-0.0,10.0,10.0,21:09:54
1163,50460.0,57.0,-5.0,32.0,50470.0,1.0,-16.0,12.0,44.0,20.0,21:09:55
1164,50470.0,39.0,0.0,12.0,50480.0,61.0,0.0,0.0,12.0,12.0,21:09:55
1165,50470.0,10.0,-29.0,22.0,50480.0,22.0,-39.0,64.0,86.0,-42.0,21:09:56
1166,50470.0,19.0,9.0,14.0,50480.0,16.0,-6.0,2.0,16.0,12.0,21:09:56
1167,50480.0,5.0,0.0,26.0,50490.0,26.0,0.0,0.0,26.0,26.0,21:09:57
1168,50480.0,9.0,4.0,0.0,50490.0,24.0,-2.0,8.0,8.0,-8.0,21:09:57
1169,50480.0,9.0,0.0,0.0,50490.0,24.0,0.0,8.0,8.0,-8.0,21:09:58
1170,50480.0,16.0,7.0,0.0,50490.0,26.0,2.0,4.0,4.0,-4.0,21:09:58
1171,50480.0,18.0,2.0,2.0,50490.0,26.0,0.0,2.0,4.0,0.0,21:09:59
1172,50480.0,17.0,-1.0,2.0,50490.0,23.0,-3.0,18.0,20.0,-16.0,21:09:59
1173,50480.0,17.0,0.0,0.0,50490.0,29.0,6.0,6.0,6.0,-6.0,21:10:00
1174,50480.0,23.0,6.0,6.0,50490.0,23.0,-6.0,4.0,10.0,2.0,21:10:00
1175,50480.0,20.0,-3.0,2.0,50490.0,22.0,-1.0,18.0,20.0,-16.0,21:10:01
1176,50480.0,27.0,7.0,0.0,50490.0,25.0,3.0,2.0,2.0,-2.0,21:10:01
1177,50480.0,25.0,-2.0,2.0,50490.0,24.0,-1.0,4.0,6.0,-2.0,21:10:02
1178,50480.0,26.0,1.0,22.0,50490.0,17.0,-7.0,-0.0,22.0,22.0,21:10:02
1179,50480.0,30.0,4.0,0.0,50490.0,26.0,9.0,4.0,4.0,-4.0,21:10:03
1180,50480.0,26.0,-4.0,2.0,50490.0,23.0,-3.0,10.0,12.0,-8.0,21:10:03
1181,50480.0,21.0,-5.0,0.0,50490.0,23.0,0.0,12.0,12.0,-12.0,21:10:04
1182,50480.0,18.0,-3.0,2.0,50490.0,24.0,1.0,10.0,12.0,-8.0,21:10:04
1183,50480.0,18.0,0.0,4.0,50490.0,24.0,0.0,-0.0,4.0,4.0,21:10:05
1184,50480.0,9.0,-9.0,0.0,50490.0,24.0,0.0,20.0,20.0,-20.0,21:10:05
1185,50480.0,7.0,-2.0,2.0,50490.0,33.0,9.0,8.0,10.0,-6.0,21:10:06
1186,50480.0,5.0,-2.0,4.0,50490.0,33.0,0.0,4.0,8.0,0.0,21:10:06
1187,50480.0,11.0,6.0,2.0,50490.0,32.0,-1.0,-0.0,2.0,2.0,21:10:07
1188,50480.0,17.0,6.0,2.0,50490.0,29.0,-3.0,4.0,6.0,-2.0,21:10:07
1189,50480.0,18.0,1.0,0.0,50490.0,27.0,-2.0,-0.0,0.0,0.0,21:10:08
1190,50480.0,18.0,0.0,0.0,50490.0,27.0,0.0,2.0,2.0,-2.0,21:10:08
1191,50470.0,33.0,0.0,0.0,50480.0,6.0,0.0,38.0,38.0,-38.0,21:10:09
1192,50470.0,31.0,-2.0,6.0,50480.0,11.0,5.0,-0.0,6.0,6.0,21:10:09
1193,50470.0,28.0,-3.0,2.0,50480.0,22.0,11.0,4.0,6.0,-2.0,21:10:10
1194,50470.0,26.0,-2.0,2.0,50480.0,25.0,3.0,-0.0,2.0,2.0,21:10:10
1195,50470.0,12.0,-14.0,0.0,50480.0,33.0,8.0,6.0,6.0,-6.0,21:10:11
1196,50460.0,126.0,0.0,0.0,50470.0,13.0,0.0,36.0,36.0,-36.0,21:10:11
1197,50460.0,120.0,-6.0,2.0,50470.0,41.0,28.0,8.0,10.0,-6.0,21:10:12
1198,50460.0,115.0,-5.0,0.0,50470.0,44.0,3.0,8.0,8.0,-8.0,21:10:12
1199,50460.0,112.0,-3.0,40.0,50470.0,26.0,-18.0,6.0,46.0,34.0,21:10:13
1200,50460.0,104.0,-8.0,6.0,50470.0,20.0,-6.0,20.0,26.0,-14.0,21:10:13
1201,50460.0,97.0,-7.0,6.0,50470.0,22.0,2.0,10.0,16.0,-4.0,21:10:14
1202,50460.0,94.0,-3.0,2.0,50470.0,21.0,-1.0,6.0,8.0,-4.0,21:10:14
1203,50460.0,86.0,-8.0,4.0,50470.0,21.0,0.0,16.0,20.0,-12.0,21:10:15
1204,50460.0,84.0,-2.0,20.0,50470.0,10.0,-11.0,2.0,22.0,18.0,21:10:15
1205,50460.0,84.0,0.0,8.0,50480.0,38.0,0.0,16.0,24.0,-8.0,21:10:16
1206,50460.0,81.0,-3.0,4.0,50470.0,2.0,0.0,6.0,10.0,-2.0,21:10:16
1207,50460.0,81.0,0.0,3.0,50480.0,52.0,0.0,7.0,10.0,-4.0,21:10:17
1208,50460.0,80.0,-1.0,3.0,50480.0,52.0,0.0,5.0,8.0,-2.0,21:10:17
1209,50460.0,71.0,-9.0,0.0,50470.0,2.0,0.0,20.0,20.0,-20.0,21:10:18
1210,50460.0,67.0,-4.0,2.0,50470.0,5.0,3.0,8.0,10.0,-6.0,21:10:18
1211,50460.0,66.0,-1.0,2.0,50470.0,4.0,-1.0,6.0,8.0,-4.0,21:10:19
1212,50470.0,2.0,0.0,12.0,50480.0,31.0,0.0,0.0,12.0,12.0,21:10:19
1213,50470.0,5.0,3.0,12.0,50480.0,37.0,6.0,14.0,26.0,-2.0,21:10:20
1214,50460.0,70.0,0.0,0.0,50470.0,3.0,0.0,12.0,12.0,-12.0,21:10:20
1215,50460.0,69.0,-1.0,8.0,50470.0,3.0,0.0,4.0,12.0,4.0,21:10:21
1216,50460.0,70.0,1.0,0.0,50470.0,5.0,2.0,-0.0,0.0,0.0,21:10:21
1217,50470.0,6.0,0.0,10.0,50480.0,30.0,0.0,0.0,10.0,10.0,21:10:22
1218,50470.0,4.0,-2.0,0.0,50480.0,38.0,8.0,8.0,8.0,-8.0,21:10:22
1219,50470.0,14.0,10.0,2.0,50480.0,36.0,-2.0,4.0,6.0,-2.0,21:10:23
1220,50470.0,13.0,-1.0,0.0,50480.0,36.0,0.0,4.0,4.0,-4.0,21:10:23
1221,50460.0,67.0,0.0,0.0,50470.0,2.0,0.0,28.0,28.0,-28.0,21:10:24
1222,50460.0,67.0,0.0,2.0,50470.0,12.0,10.0,-0.0,2.0,2.0,21:10:24
1223,50460.0,70.0,3.0,12.0,50470.0,13.0,1.0,-0.0,12.0,12.0,21:10:25
1224,50460.0,71.0,1.0,6.0,50470.0,21.0,8.0,-0.0,6.0,6.0,21:10:25
1225,50460.0,63.0,-8.0,2.0,50470.0,22.0,1.0,16.0,18.0,-14.0,21:10:26
1226,50460.0,51.0,-12.0,0.0,50470.0,27.0,5.0,20.0,20.0,-20.0,21:10:26
1227,50460.0,37.0,-14.0,0.0,50470.0,28.0,1.0,28.0,28.0,-28.0,21:10:27
1228,50460.0,21.0,-16.0,4.0,50470.0,26.0,-2.0,32.0,36.0,-28.0,21:10:27
1229,50460.0,8.0,-13.0,2.0,50470.0,26.0,0.0,26.0,28.0,-24.0,21:10:28
1230,50460.0,5.0,-3.0,0.0,50470.0,28.0,2.0,10.0,10.0,-10.0,21:10:28
1231,50460.0,5.0,0.0,0.0,50470.0,28.0,0.0,2.0,2.0,-2.0,21:10:29
1232,50460.0,16.0,11.0,2.0,50470.0,27.0,-1.0,8.0,10.0,-6.0,21:10:29
1233,50460.0,16.0,0.0,0.0,50470.0,25.0,-2.0,2.0,2.0,-2.0,21:10:30
1234,50460.0,16.0,0.0,0.0,50470.0,25.0,0.0,2.0,2.0,-2.0,21:10:30
1235,50460.0,14.0,-2.0,0.0,50470.0,28.0,3.0,6.0,6.0,-6.0,21:10:31
1236,50460.0,15.0,1.0,16.0,50470.0,20.0,-8.0,-0.0,16.0,16.0,21:10:31
1237,50460.0,18.0,3.0,2.0,50470.0,21.0,1.0,4.0,6.0,-2.0,21:10:32
1238,50460.0,21.0,3.0,0.0,50470.0,21.0,0.0,10.0,10.0,-10.0,21:10:32
1239,50460.0,23.0,2.0,2.0,50470.0,21.0,0.0,-0.0,2.0,2.0,21:10:33
1240,50460.0,23.0,0.0,0.0,50470.0,14.0,-7.0,2.0,2.0,-2.0,21:10:33
1241,50460.0,22.0,-1.0,0.0,50470.0,14.0,0.0,2.0,2.0,-2.0,21:10:34
1242,50460.0,22.0,0.0,16.0,50470.0,21.0,7.0,2.0,18.0,14.0,21:10:34
1243,50460.0,23.0,1.0,0.0,50470.0,41.0,20.0,-0.0,0.0,0.0,21:10:35
1244,50460.0,21.0,-2.0,0.0,50470.0,44.0,3.0,-0.0,0.0,0.0,21:10:35
1245,50460.0,21.0,0.0,0.0,50470.0,44.0,0.0,-0.0,0.0,0.0,21:10:36
1246,50460.0,31.0,10.0,0.0,50470.0,44.0,0.0,2.0,2.0,-2.0,21:10:36
1247,50460.0,34.0,3.0,0.0,50470.0,46.0,2.0,-0.0,0.0,0.0,21:10:37
1248,50460.0,37.0,3.0,8.0,50470.0,35.0,-11.0,-0.0,8.0,8.0,21:10:37
1249,50460.0,38.0,1.0,2.0,50470.0,44.0,9.0,2.0,4.0,0.0,21:10:38
1250,50460.0,179.0,141.0,44.0,50480.0,34.0,0.0,64.0,108.0,-20.0,21:10:38
1251,50470.0,6.0,0.0,16.0,50480.0,27.0,-7.0,-0.0,16.0,16.0,21:10:39
1252,50470.0,47.0,41.0,25.0,50490.0,33.0,0.0,25.0,50.0,0.0,21:10:39
1253,50470.0,56.0,9.0,7.0,50490.0,33.0,0.0,7.0,14.0,0.0,21:10:40
1254,50480.0,4.0,0.0,12.0,50490.0,26.0,-7.0,-0.0,12.0,12.0,21:10:40
1255,50480.0,6.0,2.0,0.0,50490.0,36.0,10.0,18.0,18.0,-18.0,21:10:41
1256,50470.0,50.0,0.0,0.0,50480.0,16.0,0.0,20.0,20.0,-20.0,21:10:41
1257,50470.0,50.0,0.0,0.0,50480.0,17.0,1.0,-0.0,0.0,0.0,21:10:42
1258,50470.0,50.0,0.0,0.0,50480.0,17.0,0.0,12.0,12.0,-12.0,21:10:42
1259,50470.0,49.0,-1.0,0.0,50480.0,16.0,-1.0,-0.0,0.0,0.0,21:10:43
1260,50470.0,62.0,13.0,0.0,50480.0,9.0,-7.0,-0.0,0.0,0.0,21:10:43
1261,50470.0,61.0,-1.0,4.0,50480.0,8.0,-1.0,6.0,10.0,-2.0,21:10:44
1262,50470.0,61.0,0.0,0.0,50480.0,8.0,0.0,-0.0,0.0,0.0,21:10:44
1263,50470.0,61.0,0.0,2.0,50480.0,17.0,9.0,-0.0,2.0,2.0,21:10:45
1264,50470.0,58.0,-3.0,2.0,50480.0,18.0,1.0,6.0,8.0,-4.0,21:10:45
1265,50470.0,60.0,2.0,0.0,50480.0,18.0,0.0,-0.0,0.0,0.0,21:10:46
1266,50470.0,60.0,0.0,2.0,50480.0,17.0,-1.0,-0.0,2.0,2.0,21:10:46
1267,50480.0,1.0,0.0,38.0,50490.0,43.0,0.0,0.0,38.0,38.0,21:10:47
1268,50480.0,5.0,4.0,0.0,50490.0,43.0,0.0,-0.0,0.0,0.0,21:10:47
1269,50480.0,13.0,8.0,6.0,50490.0,41.0,-2.0,-0.0,6.0,6.0,21:10:48
1270,50480.0,15.0,2.0,0.0,50490.0,41.0,0.0,-0.0,0.0,0.0,21:10:48
1271,50480.0,7.0,-8.0,2.0,50490.0,41.0,0.0,20.0,22.0,-18.0,21:10:49
1272,50480.0,8.0,1.0,4.0,50490.0,39.0,-2.0,-0.0,4.0,4.0,21:10:49
1273,50480.0,16.0,8.0,0.0,50490.0,39.0,0.0,-0.0,0.0,0.0,21:10:50
1274,50480.0,18.0,2.0,4.0,50490.0,36.0,-3.0,-0.0,4.0,4.0,21:10:50
1275,50480.0,20.0,2.0,6.0,50490.0,33.0,-3.0,-0.0,6.0,6.0,21:10:51
1276,50480.0,22.0,2.0,0.0,50490.0,33.0,0.0,-0.0,0.0,0.0,21:10:51
1277,50480.0,20.0,-2.0,4.0,50490.0,31.0,-2.0,-0.0,4.0,4.0,21:10:52
1278,50480.0,16.0,-4.0,0.0,50490.0,35.0,4.0,-0.0,0.0,0.0,21:10:52
1279,50490.0,4.0,0.0,76.0,50500.0,34.0,0.0,0.0,76.0,76.0,21:10:53
1280,50490.0,24.0,20.0,0.0,50500.0,37.0,3.0,2.0,2.0,-2.0,21:10:53
1281,50490.0,27.0,3.0,8.0,50500.0,25.0,-12.0,-0.0,8.0,8.0,21:10:54
1282,50490.0,30.0,3.0,0.0,50500.0,23.0,-2.0,2.0,2.0,-2.0,21:10:54
1283,50490.0,31.0,1.0,0.0,50500.0,20.0,-3.0,-0.0,0.0,0.0,21:10:55
1284,50480.0,34.0,0.0,0.0,50490.0,19.0,0.0,76.0,76.0,-76.0,21:10:55
1285,50470.0,59.0,0.0,33.0,50490.0,12.0,-7.0,33.0,66.0,0.0,21:10:56
1286,50480.0,2.0,0.0,6.0,50490.0,32.0,20.0,2.0,8.0,4.0,21:10:56
1287,50470.0,59.0,0.0,2.0,50490.0,35.0,3.0,2.0,4.0,0.0,21:10:57
1288,50480.0,3.0,0.0,0.0,50490.0,34.0,-1.0,-0.0,0.0,0.0,21:10:57
1289,50480.0,4.0,1.0,0.0,50490.0,35.0,1.0,-0.0,0.0,0.0,21:10:58
1290,50480.0,6.0,2.0,0.0,50490.0,39.0,4.0,-0.0,0.0,0.0,21:10:58
1291,50480.0,4.0,-2.0,0.0,50490.0,37.0,-2.0,8.0,8.0,-8.0,21:10:59
1292,50480.0,8.0,4.0,6.0,50490.0,35.0,-2.0,-0.0,6.0,6.0,21:10:59
1293,50480.0,17.0,9.0,4.0,50490.0,23.0,-12.0,4.0,8.0,0.0,21:11:00
1294,50480.0,26.0,9.0,12.0,50490.0,15.0,-8.0,-0.0,12.0,12.0,21:11:00
1295,50480.0,23.0,-3.0,6.0,50490.0,12.0,-3.0,10.0,16.0,-4.0,21:11:01
1296,50480.0,27.0,4.0,24.0,50490.0,12.0,0.0,4.0,28.0,20.0,21:11:01
1297,50480.0,19.0,-8.0,4.0,50490.0,19.0,7.0,16.0,20.0,-12.0,21:11:02
1298,50470.0,42.0,0.0,0.0,50480.0,16.0,0.0,48.0,48.0,-48.0,21:11:02
1299,50480.0,3.0,0.0,50.0,50490.0,22.0,0.0,0.0,50.0,50.0,21:11:03
1300,50470.0,37.0,0.0,0.0,50480.0,5.0,0.0,34.0,34.0,-34.0,21:11:03
1301,50480.0,20.0,0.0,28.0,50490.0,27.0,0.0,0.0,28.0,28.0,21:11:04
1302,50480.0,24.0,4.0,0.0,50490.0,29.0,2.0,-0.0,0.0,0.0,21:11:04
1303,50480.0,24.0,0.0,0.0,50490.0,25.0,-4.0,-0.0,0.0,0.0,21:11:05
1304,50480.0,24.0,0.0,0.0,50490.0,25.0,0.0,-0.0,0.0,0.0,21:11:05
1305,50480.0,25.0,1.0,0.0,50490.0,27.0,2.0,-0.0,0.0,0.0,21:11:06
1306,50480.0,6.0,-19.0,0.0,50490.0,30.0,3.0,30.0,30.0,-30.0,21:11:06
1307,50470.0,38.0,0.0,0.0,50480.0,4.0,0.0,16.0,16.0,-16.0,21:11:07
1308,50470.0,39.0,1.0,14.0,50480.0,5.0,1.0,-0.0,14.0,14.0,21:11:07
1309,50470.0,38.0,-1.0,0.0,50480.0,5.0,0.0,-0.0,0.0,0.0,21:11:08
1310,50470.0,37.0,-1.0,0.0,50480.0,6.0,1.0,-0.0,0.0,0.0,21:11:08
1311,50470.0,36.0,-1.0,2.0,50480.0,13.0,7.0,-0.0,2.0,2.0,21:11:09
1312,50470.0,36.0,0.0,4.0,50480.0,12.0,-1.0,-0.0,4.0,4.0,21:11:09
1313,50470.0,34.0,-2.0,4.0,50480.0,29.0,17.0,-0.0,4.0,4.0,21:11:10
1314,50470.0,36.0,2.0,4.0,50480.0,30.0,1.0,-0.0,4.0,4.0,21:11:10
1315,50470.0,36.0,0.0,0.0,50480.0,31.0,1.0,-0.0,0.0,0.0,21:11:11
1316,50470.0,35.0,-1.0,0.0,50480.0,32.0,1.0,-0.0,0.0,0.0,21:11:11
1317,50470.0,46.0,11.0,32.0,50490.0,38.0,0.0,32.0,64.0,0.0,21:11:12
1318,50480.0,3.0,0.0,10.0,50490.0,37.0,-1.0,-0.0,10.0,10.0,21:11:12
1319,50480.0,20.0,17.0,0.0,50490.0,33.0,-4.0,-0.0,0.0,0.0,21:11:13
1320,50480.0,18.0,-2.0,0.0,50490.0,30.0,-3.0,4.0,4.0,-4.0,21:11:13
1321,50480.0,17.0,-1.0,2.0,50490.0,29.0,-1.0,2.0,4.0,0.0,21:11:14
1322,50480.0,16.0,-1.0,4.0,50490.0,27.0,-2.0,2.0,6.0,2.0,21:11:14
1323,50480.0,21.0,5.0,0.0,50490.0,19.0,-8.0,-0.0,0.0,0.0,21:11:15
1324,50480.0,31.0,10.0,0.0,50490.0,14.0,-5.0,-0.0,0.0,0.0,21:11:15
1325,50480.0,28.0,-3.0,0.0,50490.0,14.0,0.0,10.0,10.0,-10.0,21:11:16
1326,50480.0,29.0,1.0,4.0,50490.0,12.0,-2.0,-0.0,4.0,4.0,21:11:16
1327,50480.0,28.0,-1.0,0.0,50490.0,12.0,0.0,-0.0,0.0,0.0,21:11:17
1328,50480.0,28.0,0.0,0.0,50490.0,13.0,1.0,-0.0,0.0,0.0,21:11:18
1329,50490.0,15.0,0.0,30.0,50500.0,41.0,0.0,0.0,30.0,30.0,21:11:18
1330,50490.0,19.0,4.0,0.0,50500.0,32.0,-9.0,-0.0,0.0,0.0,21:11:19
1331,50490.0,21.0,2.0,4.0,50500.0,29.0,-3.0,-0.0,4.0,4.0,21:11:19
1332,50490.0,11.0,-10.0,0.0,50500.0,22.0,-7.0,-0.0,0.0,0.0,21:11:20
1333,50490.0,14.0,3.0,0.0,50500.0,33.0,11.0,-0.0,0.0,0.0,21:11:20
1334,50490.0,6.0,-8.0,4.0,50500.0,30.0,-3.0,24.0,28.0,-20.0,21:11:21
1335,50490.0,6.0,0.0,0.0,50500.0,31.0,1.0,-0.0,0.0,0.0,21:11:21
1336,50490.0,1.0,-5.0,2.0,50500.0,31.0,0.0,10.0,12.0,-8.0,21:11:22
1337,50490.0,2.0,1.0,0.0,50500.0,31.0,0.0,-0.0,0.0,0.0,21:11:22
1338,50480.0,36.0,0.0,0.0,50490.0,81.0,0.0,10.0,10.0,-10.0,21:11:23
1339,50470.0,40.0,0.0,0.0,50480.0,12.0,0.0,64.0,64.0,-64.0,21:11:23
1340,50470.0,37.0,-3.0,24.0,50480.0,25.0,13.0,2.0,26.0,22.0,21:11:24
1341,50470.0,37.0,0.0,0.0,50480.0,27.0,2.0,-0.0,0.0,0.0,21:11:24
1342,50470.0,32.0,-5.0,4.0,50480.0,25.0,-2.0,10.0,14.0,-6.0,21:11:25
1343,50470.0,33.0,1.0,2.0,50480.0,24.0,-1.0,-0.0,2.0,2.0,21:11:25
1344,50470.0,33.0,0.0,0.0,50480.0,24.0,0.0,-0.0,0.0,0.0,21:11:26
1345,50470.0,34.0,1.0,4.0,50480.0,22.0,-2.0,-0.0,4.0,4.0,21:11:26
1346,50470.0,35.0,1.0,2.0,50480.0,21.0,-1.0,-0.0,2.0,2.0,21:11:27
1347,50470.0,36.0,1.0,0.0,50480.0,22.0,1.0,-0.0,0.0,0.0,21:11:27
1348,50470.0,35.0,-1.0,2.0,50480.0,21.0,-1.0,-0.0,2.0,2.0,21:11:28
1349,50470.0,25.0,-10.0,0.0,50480.0,10.0,-11.0,22.0,22.0,-22.0,21:11:28
1350,50470.0,25.0,0.0,6.0,50480.0,7.0,-3.0,-0.0,6.0,6.0,21:11:29
1351,50470.0,25.0,0.0,2.0,50480.0,8.0,1.0,-0.0,2.0,2.0,21:11:29
1352,50470.0,26.0,1.0,0.0,50480.0,7.0,-1.0,-0.0,0.0,0.0,21:11:30
1353,50470.0,27.0,1.0,0.0,50480.0,9.0,2.0,-0.0,0.0,0.0,21:11:30
1354,50470.0,25.0,-2.0,4.0,50480.0,7.0,-2.0,-0.0,4.0,4.0,21:11:31
1355,50470.0,24.0,-1.0,2.0,50480.0,15.0,8.0,-0.0,2.0,2.0,21:11:31
1356,50470.0,19.0,-5.0,0.0,50480.0,13.0,-2.0,10.0,10.0,-10.0,21:11:32
1357,50470.0,21.0,2.0,0.0,50480.0,17.0,4.0,-0.0,0.0,0.0,21:11:32
1358,50470.0,21.0,0.0,2.0,50480.0,22.0,5.0,-0.0,2.0,2.0,21:11:33
1359,50470.0,21.0,0.0,4.0,50480.0,21.0,-1.0,-0.0,4.0,4.0,21:11:33
1360,50470.0,21.0,0.0,0.0,50480.0,23.0,2.0,-0.0,0.0,0.0,21:11:34
1361,50470.0,20.0,-1.0,2.0,50480.0,22.0,-1.0,2.0,4.0,0.0,21:11:34
1362,50470.0,27.0,7.0,0.0,50480.0,13.0,-9.0,-0.0,0.0,0.0,21:11:35
1363,50470.0,25.0,-2.0,4.0,50480.0,18.0,5.0,-0.0,4.0,4.0,21:11:35
1364,50470.0,17.0,-8.0,0.0,50480.0,25.0,7.0,2.0,2.0,-2.0,21:11:36
1365,50470.0,17.0,0.0,0.0,50480.0,26.0,1.0,-0.0,0.0,0.0,21:11:36
1366,50470.0,17.0,0.0,0.0,50480.0,27.0,1.0,-0.0,0.0,0.0,21:11:37
1367,50470.0,16.0,-1.0,0.0,50480.0,29.0,2.0,2.0,2.0,-2.0,21:11:37
1368,50470.0,15.0,-1.0,0.0,50480.0,30.0,1.0,2.0,2.0,-2.0,21:11:38
1369,50470.0,14.0,-1.0,2.0,50480.0,29.0,-1.0,2.0,4.0,0.0,21:11:38
1370,50470.0,9.0,-5.0,0.0,50480.0,29.0,0.0,10.0,10.0,-10.0,21:11:39
1371,50460.0,25.0,0.0,10.0,50480.0,29.0,0.0,10.0,20.0,0.0,21:11:39
1372,50460.0,28.0,3.0,0.0,50470.0,2.0,0.0,2.0,2.0,-2.0,21:11:40
1373,50460.0,14.0,-14.0,12.0,50470.0,10.0,8.0,16.0,28.0,-4.0,21:11:40
1374,50460.0,17.0,3.0,0.0,50470.0,23.0,13.0,-0.0,0.0,0.0,21:11:41
1375,50460.0,5.0,-12.0,2.0,50470.0,25.0,2.0,26.0,28.0,-24.0,21:11:41
1376,50450.0,120.0,0.0,6.0,50470.0,25.0,0.0,6.0,12.0,0.0,21:11:42
1377,50450.0,140.0,20.0,0.0,50460.0,1.0,0.0,2.0,2.0,-2.0,21:11:42
1378,50450.0,52.0,-88.0,11.0,50470.0,29.0,0.0,173.0,184.0,-162.0,21:11:43
1379,50450.0,16.0,-36.0,2.0,50460.0,16.0,0.0,56.0,58.0,-54.0,21:11:43
1380,50440.0,3.0,0.0,0.0,50450.0,53.0,0.0,78.0,78.0,-78.0,21:11:44
1381,50430.0,64.0,0.0,0.0,50440.0,2.0,0.0,38.0,38.0,-38.0,21:11:44
1382,50440.0,1.0,0.0,68.0,50450.0,59.0,0.0,0.0,68.0,68.0,21:11:45
1383,50440.0,8.0,7.0,66.0,50450.0,19.0,-40.0,14.0,80.0,52.0,21:11:45
1384,50440.0,25.0,17.0,18.0,50460.0,32.0,0.0,22.0,40.0,-4.0,21:11:46
1385,50440.0,21.0,-4.0,0.0,50460.0,35.0,3.0,12.0,12.0,-12.0,21:11:46
1386,50440.0,19.0,-2.0,0.0,50450.0,1.0,0.0,4.0,4.0,-4.0,21:11:47
1387,50440.0,25.0,6.0,2.0,50450.0,2.0,1.0,2.0,4.0,0.0,21:11:47
1388,50440.0,26.0,1.0,2.0,50450.0,2.0,0.0,-0.0,2.0,2.0,21:11:48
1389,50440.0,25.0,-1.0,2.0,50460.0,35.0,0.0,4.0,6.0,-2.0,21:11:48
1390,50440.0,22.0,-3.0,0.0,50450.0,6.0,0.0,4.0,4.0,-4.0,21:11:49
1391,50440.0,18.0,-4.0,12.0,50450.0,15.0,9.0,-0.0,12.0,12.0,21:11:49
1392,50440.0,9.0,-9.0,2.0,50450.0,24.0,9.0,14.0,16.0,-12.0,21:11:50
1393,50430.0,69.0,0.0,0.0,50440.0,22.0,0.0,20.0,20.0,-20.0,21:11:50
1394,50430.0,64.0,-5.0,0.0,50440.0,31.0,9.0,4.0,4.0,-4.0,21:11:51
1395,50430.0,45.0,-19.0,4.0,50440.0,30.0,-1.0,38.0,42.0,-34.0,21:11:51
1396,50430.0,25.0,-20.0,0.0,50440.0,31.0,1.0,44.0,44.0,-44.0,21:11:52
1397,50420.0,23.0,0.0,0.0,50430.0,5.0,0.0,64.0,64.0,-64.0,21:11:52
1398,50420.0,15.0,-8.0,14.0,50430.0,36.0,31.0,14.0,28.0,0.0,21:11:53
1399,50420.0,11.0,-4.0,12.0,50430.0,33.0,-3.0,8.0,20.0,4.0,21:11:53
1400,50420.0,6.0,-5.0,28.0,50430.0,24.0,-9.0,4.0,32.0,24.0,21:11:54
1401,50420.0,23.0,17.0,0.0,50430.0,31.0,7.0,2.0,2.0,-2.0,21:11:54
1402,50420.0,31.0,8.0,20.0,50430.0,21.0,-10.0,12.0,32.0,8.0,21:11:55
1403,50420.0,28.0,-3.0,0.0,50430.0,19.0,-2.0,14.0,14.0,-14.0,21:11:55
1404,50430.0,34.0,0.0,56.0,50440.0,35.0,0.0,0.0,56.0,56.0,21:11:56
1405,50440.0,1.0,0.0,78.0,50450.0,32.0,0.0,0.0,78.0,78.0,21:11:56
1406,50430.0,4.0,0.0,0.0,50440.0,2.0,0.0,90.0,90.0,-90.0,21:11:57
1407,50430.0,33.0,29.0,0.0,50440.0,13.0,11.0,2.0,2.0,-2.0,21:11:57
1408,50430.0,35.0,2.0,8.0,50440.0,20.0,7.0,2.0,10.0,6.0,21:11:58
1409,50430.0,30.0,-5.0,2.0,50440.0,19.0,-1.0,2.0,4.0,0.0,21:11:58
1410,50430.0,81.0,51.0,0.0,50440.0,19.0,0.0,2.0,2.0,-2.0,21:11:59
1411,50430.0,83.0,2.0,2.0,50440.0,11.0,-8.0,-0.0,2.0,2.0,21:11:59
1412,50430.0,75.0,-8.0,15.0,50450.0,29.0,0.0,35.0,50.0,-20.0,21:12:00
1413,50430.0,64.0,-11.0,2.0,50440.0,3.0,0.0,22.0,24.0,-20.0,21:12:00
1414,50430.0,64.0,0.0,0.0,50440.0,21.0,18.0,-0.0,0.0,0.0,21:12:01
1415,50430.0,58.0,-6.0,8.0,50440.0,20.0,-1.0,14.0,22.0,-6.0,21:12:01
1416,50430.0,56.0,-2.0,2.0,50440.0,19.0,-1.0,10.0,12.0,-8.0,21:12:02
1417,50430.0,56.0,0.0,12.0,50440.0,9.0,-10.0,-0.0,12.0,12.0,21:12:02
1418,50440.0,26.0,0.0,18.0,50450.0,33.0,0.0,0.0,18.0,18.0,21:12:03
1419,50440.0,21.0,-5.0,0.0,50450.0,33.0,0.0,12.0,12.0,-12.0,21:12:03
1420,50440.0,24.0,3.0,6.0,50450.0,29.0,-4.0,-0.0,6.0,6.0,21:12:04
1421,50440.0,24.0,0.0,0.0,50450.0,27.0,-2.0,-0.0,0.0,0.0,21:12:04
1422,50440.0,24.0,0.0,2.0,50450.0,26.0,-1.0,-0.0,2.0,2.0,21:12:05
1423,50440.0,27.0,3.0,0.0,50450.0,25.0,-1.0,2.0,2.0,-2.0,21:12:05
1424,50440.0,14.0,-13.0,2.0,50450.0,24.0,-1.0,26.0,28.0,-24.0,21:12:06
1425,50440.0,12.0,-2.0,0.0,50450.0,26.0,2.0,2.0,2.0,-2.0,21:12:06
1426,50440.0,8.0,-4.0,2.0,50450.0,25.0,-1.0,12.0,14.0,-10.0,21:12:07
1427,50440.0,8.0,0.0,4.0,50450.0,23.0,-2.0,2.0,6.0,2.0,21:12:07
1428,50440.0,10.0,2.0,0.0,50450.0,23.0,0.0,-0.0,0.0,0.0,21:12:08
1429,50440.0,14.0,4.0,0.0,50450.0,23.0,0.0,8.0,8.0,-8.0,21:12:08
1430,50440.0,13.0,-1.0,2.0,50450.0,22.0,-1.0,4.0,6.0,-2.0,21:12:09
1431,50440.0,18.0,5.0,0.0,50450.0,15.0,-7.0,2.0,2.0,-2.0,21:12:09
1432,50440.0,20.0,2.0,0.0,50450.0,14.0,-1.0,-0.0,0.0,0.0,21:12:10
1433,50450.0,4.0,0.0,52.0,50460.0,30.0,0.0,0.0,52.0,52.0,21:12:10
1434,50440.0,14.0,0.0,0.0,50450.0,1.0,0.0,12.0,12.0,-12.0,21:12:11
1435,50440.0,27.0,13.0,15.0,50460.0,33.0,0.0,17.0,32.0,-2.0,21:12:11
1436,50450.0,13.0,0.0,0.0,50460.0,27.0,-6.0,-0.0,0.0,0.0,21:12:12
1437,50450.0,23.0,10.0,0.0,50460.0,10.0,-17.0,-0.0,0.0,0.0,21:12:12
1438,50450.0,26.0,3.0,18.0,50460.0,2.0,-8.0,-0.0,18.0,18.0,21:12:13
1439,50450.0,19.0,-7.0,8.0,50460.0,4.0,2.0,14.0,22.0,-6.0,21:12:13
1440,50450.0,22.0,3.0,0.0,50460.0,4.0,0.0,2.0,2.0,-2.0,21:12:14
1441,50450.0,20.0,-2.0,6.0,50460.0,1.0,-3.0,2.0,8.0,4.0,21:12:14
1442,50450.0,22.0,2.0,6.0,50460.0,1.0,0.0,-0.0,6.0,6.0,21:12:15
1443,50450.0,12.0,-10.0,0.0,50460.0,7.0,6.0,20.0,20.0,-20.0,21:12:15
1444,50450.0,8.0,-4.0,2.0,50460.0,13.0,6.0,10.0,12.0,-8.0,21:12:16
1445,50450.0,12.0,4.0,0.0,50460.0,17.0,4.0,2.0,2.0,-2.0,21:12:16
1446,50450.0,11.0,-1.0,0.0,50460.0,17.0,0.0,-0.0,0.0,0.0,21:12:17
1447,50450.0,11.0,0.0,22.0,50460.0,17.0,0.0,-0.0,22.0,22.0,21:12:17
1448,50450.0,14.0,3.0,2.0,50460.0,16.0,-1.0,-0.0,2.0,2.0,21:12:18
1449,50450.0,17.0,3.0,0.0,50460.0,20.0,4.0,-0.0,0.0,0.0,21:12:18
1450,50450.0,17.0,0.0,0.0,50460.0,29.0,9.0,-0.0,0.0,0.0,21:12:19
1451,50440.0,30.0,0.0,0.0,50450.0,2.0,0.0,36.0,36.0,-36.0,21:12:19
1452,50440.0,44.0,14.0,0.0,50450.0,3.0,1.0,-0.0,0.0,0.0,21:12:20
1453,50440.0,31.0,-13.0,3.0,50460.0,33.0,0.0,3.0,6.0,0.0,21:12:20
1454,50450.0,4.0,0.0,0.0,50460.0,36.0,3.0,-0.0,0.0,0.0,21:12:21
1455,50450.0,4.0,0.0,0.0,50460.0,33.0,-3.0,-0.0,0.0,0.0,21:12:21
1456,50450.0,13.0,9.0,0.0,50460.0,28.0,-5.0,-0.0,0.0,0.0,21:12:22
1457,50450.0,16.0,3.0,6.0,50460.0,23.0,-5.0,-0.0,6.0,6.0,21:12:22
1458,50450.0,24.0,8.0,24.0,50460.0,7.0,-16.0,2.0,26.0,22.0,21:12:23
1459,50450.0,24.0,0.0,6.0,50470.0,19.0,0.0,14.0,20.0,-8.0,21:12:23
1460,50460.0,1.0,0.0,0.0,50470.0,24.0,5.0,6.0,6.0,-6.0,21:12:24
1461,50450.0,22.0,0.0,0.0,50460.0,35.0,0.0,8.0,8.0,-8.0,21:12:24
1462,50450.0,22.0,0.0,4.0,50460.0,32.0,-3.0,-0.0,4.0,4.0,21:12:25
1463,50450.0,21.0,-1.0,0.0,50460.0,33.0,1.0,-0.0,0.0,0.0,21:12:25
1464,50450.0,20.0,-1.0,2.0,50460.0,32.0,-1.0,-0.0,2.0,2.0,21:12:26
1465,50450.0,26.0,6.0,0.0,50460.0,31.0,-1.0,-0.0,0.0,0.0,21:12:26
1466,50450.0,19.0,-7.0,0.0,50460.0,31.0,0.0,22.0,22.0,-22.0,21:12:27
1467,50450.0,14.0,-5.0,0.0,50460.0,35.0,4.0,2.0,2.0,-2.0,21:12:27
1468,50450.0,12.0,-2.0,0.0,50460.0,35.0,0.0,-0.0,0.0,0.0,21:12:28
1469,50450.0,22.0,10.0,2.0,50460.0,37.0,2.0,2.0,4.0,0.0,21:12:28
1470,50450.0,25.0,3.0,0.0,50460.0,44.0,7.0,18.0,18.0,-18.0,21:12:29
1471,50450.0,23.0,-2.0,2.0,50460.0,45.0,1.0,-0.0,2.0,2.0,21:12:29
1472,50450.0,23.0,0.0,0.0,50460.0,37.0,-8.0,-0.0,0.0,0.0,21:12:30
1473,50450.0,23.0,0.0,12.0,50460.0,31.0,-6.0,-0.0,12.0,12.0,21:12:30
1474,50460.0,25.0,0.0,52.0,50470.0,25.0,0.0,0.0,52.0,52.0,21:12:31
1475,50460.0,23.0,-2.0,2.0,50470.0,28.0,3.0,4.0,6.0,-2.0,21:12:31
1476,50460.0,16.0,-7.0,0.0,50470.0,26.0,-2.0,14.0,14.0,-14.0,21:12:32
1477,50460.0,16.0,0.0,0.0,50470.0,26.0,0.0,-0.0,0.0,0.0,21:12:32
1478,50460.0,16.0,0.0,0.0,50470.0,26.0,0.0,2.0,2.0,-2.0,21:12:33
1479,50460.0,13.0,-3.0,0.0,50470.0,26.0,0.0,6.0,6.0,-6.0,21:12:33
1480,50460.0,9.0,-4.0,0.0,50470.0,25.0,-1.0,8.0,8.0,-8.0,21:12:34
1481,50460.0,8.0,-1.0,2.0,50470.0,24.0,-1.0,2.0,4.0,0.0,21:12:34
1482,50460.0,8.0,0.0,0.0,50470.0,24.0,0.0,-0.0,0.0,0.0,21:12:35
1483,50460.0,9.0,1.0,0.0,50470.0,24.0,0.0,-0.0,0.0,0.0,21:12:35
1484,50460.0,9.0,0.0,0.0,50470.0,24.0,0.0,-0.0,0.0,0.0,21:12:36
1485,50460.0,7.0,-2.0,0.0,50470.0,24.0,0.0,4.0,4.0,-4.0,21:12:36
1486,50460.0,7.0,0.0,0.0,50470.0,24.0,0.0,-0.0,0.0,0.0,21:12:37
1487,50450.0,33.0,0.0,0.0,50460.0,1.0,0.0,16.0,16.0,-16.0,21:12:37
1488,50460.0,1.0,0.0,8.0,50470.0,24.0,0.0,0.0,8.0,8.0,21:12:38
1489,50460.0,8.0,7.0,0.0,50470.0,24.0,0.0,-0.0,0.0,0.0,21:12:38
1490,50460.0,7.0,-1.0,0.0,50470.0,22.0,-2.0,2.0,2.0,-2.0,21:12:39
1491,50460.0,7.0,0.0,0.0,50470.0,22.0,0.0,-0.0,0.0,0.0,21:12:39
1492,50460.0,1.0,-6.0,0.0,50470.0,23.0,1.0,-0.0,0.0,0.0,21:12:40
1493,50450.0,34.0,0.0,1.0,50470.0,26.0,3.0,1.0,2.0,0.0,21:12:40
1494,50460.0,1.0,0.0,2.0,50470.0,22.0,-4.0,-0.0,2.0,2.0,21:12:41
1495,50460.0,2.0,1.0,0.0,50470.0,27.0,5.0,-0.0,0.0,0.0,21:12:41
1496,50460.0,1.0,-1.0,0.0,50470.0,34.0,7.0,2.0,2.0,-2.0,21:12:42
1497,50460.0,2.0,1.0,0.0,50470.0,26.0,-8.0,-0.0,0.0,0.0,21:12:42
1498,50450.0,44.0,0.0,0.0,50460.0,2.0,0.0,4.0,4.0,-4.0,21:12:43
1499,50460.0,9.0,0.0,16.0,50470.0,26.0,0.0,0.0,16.0,16.0,21:12:43
1500,50460.0,11.0,2.0,0.0,50470.0,25.0,-1.0,-0.0,0.0,0.0,21:12:44
1501,50460.0,11.0,0.0,0.0,50470.0,30.0,5.0,-0.0,0.0,0.0,21:12:44
1502,50460.0,14.0,3.0,0.0,50470.0,30.0,0.0,-0.0,0.0,0.0,21:12:45
1503,50460.0,14.0,0.0,0.0,50470.0,30.0,0.0,2.0,2.0,-2.0,21:12:45
1504,50460.0,15.0,1.0,2.0,50470.0,29.0,-1.0,2.0,4.0,0.0,21:12:46
1505,50460.0,14.0,-1.0,6.0,50470.0,25.0,-4.0,2.0,8.0,4.0,21:12:46
1506,50460.0,22.0,8.0,0.0,50470.0,19.0,-6.0,-0.0,0.0,0.0,21:12:47
1507,50460.0,8.0,-14.0,0.0,50470.0,19.0,0.0,28.0,28.0,-28.0,21:12:47
1508,50460.0,5.0,-3.0,0.0,50470.0,19.0,0.0,-0.0,0.0,0.0,21:12:48
1509,50460.0,7.0,2.0,0.0,50470.0,25.0,6.0,-0.0,0.0,0.0,21:12:48
1510,50460.0,7.0,0.0,0.0,50470.0,27.0,2.0,-0.0,0.0,0.0,21:12:49
1511,50460.0,7.0,0.0,0.0,50470.0,35.0,8.0,-0.0,0.0,0.0,21:12:49
1512,50460.0,7.0,0.0,0.0,50470.0,35.0,0.0,-0.0,0.0,0.0,21:12:50
1513,50460.0,8.0,1.0,0.0,50470.0,37.0,2.0,-0.0,0.0,0.0,21:12:50
1514,50450.0,45.0,0.0,8.0,50470.0,39.0,2.0,8.0,16.0,0.0,21:12:51
