,lastPrice,tick_volume,bidPrice1,askPrice1,bidPrice1_change,askPrice1_change,bidVolume1,askVolume1,bid_vol_change,ask_vol_change,buy_tick_volume,sell_tick_volume,buy_minus_sell_volume,updateTime
0,12105.0,670.0,12105.0,12110.0,,,56.0,70.0,,,670.0,0.0,,20:59:00
1,12090.0,346.0,12090.0,12100.0,-1.0,-1.0,22.0,5.0,0.0,0.0,0.0,346.0,-346.0,21:00:00
2,12080.0,736.0,12080.0,12090.0,-1.0,-1.0,3.0,35.0,0.0,0.0,0.0,736.0,-736.0,21:00:01
3,12065.0,450.0,12065.0,12075.0,-1.0,-1.0,1.0,1.0,0.0,0.0,0.0,450.0,-450.0,21:00:01
4,12055.0,1120.0,12055.0,12065.0,-1.0,-1.0,200.0,4.0,0.0,0.0,0.0,1120.0,-1120.0,21:00:02
5,12070.0,684.0,12065.0,12070.0,1.0,1.0,2.0,15.0,0.0,0.0,684.0,0.0,684.0,21:00:02
6,12070.0,190.0,12070.0,12080.0,1.0,1.0,81.0,3.0,0.0,0.0,190.0,0.0,190.0,21:00:03
7,12090.0,134.0,12085.0,12090.0,1.0,1.0,12.0,3.0,0.0,0.0,134.0,0.0,134.0,21:00:03
8,12090.0,288.0,12090.0,12095.0,1.0,1.0,17.0,48.0,0.0,0.0,288.0,0.0,288.0,21:00:04
9,12090.0,108.0,12090.0,12095.0,0.0,0.0,46.0,38.0,29.0,-10.0,40.0,68.0,-28.0,21:00:04
10,12090.0,194.0,12090.0,12095.0,0.0,0.0,75.0,4.0,29.0,-34.0,178.0,16.0,162.0,21:00:05
11,12095.0,220.0,12095.0,12105.0,1.0,1.0,40.0,29.0,0.0,0.0,220.0,0.0,220.0,21:00:05
12,12105.0,30.0,12100.0,12105.0,1.0,0.0,11.0,22.0,0.0,-7.0,23.0,7.0,16.0,21:00:06
13,12100.0,350.0,12095.0,12100.0,-1.0,-1.0,156.0,33.0,0.0,0.0,0.0,350.0,-350.0,21:00:06
14,12100.0,114.0,12095.0,12100.0,0.0,0.0,128.0,60.0,-28.0,27.0,58.0,56.0,2.0,21:00:07
15,12100.0,56.0,12095.0,12100.0,0.0,0.0,121.0,45.0,-7.0,-15.0,42.0,14.0,28.0,21:00:07
16,12100.0,92.0,12100.0,12105.0,1.0,1.0,5.0,9.0,0.0,0.0,92.0,0.0,92.0,21:00:08
17,12115.0,80.0,12110.0,12115.0,1.0,1.0,1.0,10.0,0.0,0.0,80.0,0.0,80.0,21:00:08
18,12110.0,56.0,12110.0,12115.0,0.0,0.0,4.0,18.0,3.0,8.0,8.0,48.0,-40.0,21:00:09
19,12115.0,16.0,12110.0,12115.0,0.0,0.0,18.0,18.0,14.0,0.0,6.0,10.0,-4.0,21:00:09
20,12110.0,110.0,12105.0,12110.0,-1.0,-1.0,10.0,12.0,0.0,0.0,0.0,110.0,-110.0,21:00:10
21,12115.0,88.0,12110.0,12115.0,1.0,1.0,8.0,2.0,0.0,0.0,88.0,0.0,88.0,21:00:10
22,12115.0,26.0,12115.0,12120.0,1.0,1.0,19.0,22.0,0.0,0.0,26.0,0.0,26.0,21:00:11
23,12115.0,86.0,12110.0,12115.0,-1.0,-1.0,23.0,11.0,0.0,0.0,0.0,86.0,-86.0,21:00:11
24,12115.0,70.0,12115.0,12120.0,1.0,1.0,149.0,27.0,0.0,0.0,70.0,0.0,70.0,21:00:12
25,12120.0,76.0,12120.0,12125.0,1.0,1.0,70.0,16.0,0.0,0.0,76.0,0.0,76.0,21:00:12
26,12125.0,254.0,12125.0,12130.0,1.0,1.0,14.0,34.0,0.0,0.0,254.0,0.0,254.0,21:00:13
27,12130.0,132.0,12125.0,12135.0,0.0,1.0,5.0,38.0,-9.0,0.0,108.0,24.0,84.0,21:00:13
28,12125.0,126.0,12125.0,12130.0,0.0,-1.0,39.0,1.0,34.0,0.0,95.0,31.0,64.0,21:00:14
29,12130.0,26.0,12130.0,12135.0,1.0,1.0,29.0,14.0,0.0,0.0,26.0,0.0,26.0,21:00:14
30,12140.0,122.0,12135.0,12140.0,1.0,1.0,21.0,22.0,0.0,0.0,122.0,0.0,122.0,21:00:15
31,12140.0,222.0,12140.0,12145.0,1.0,1.0,3.0,25.0,0.0,0.0,222.0,0.0,222.0,21:00:15
32,12145.0,226.0,12140.0,12145.0,0.0,0.0,2.0,4.0,-1.0,-21.0,0.0,226.0,-226.0,21:00:16
33,12135.0,142.0,12135.0,12140.0,-1.0,-1.0,10.0,55.0,0.0,0.0,0.0,142.0,-142.0,21:00:16
34,12140.0,116.0,12130.0,12140.0,-1.0,0.0,2.0,39.0,0.0,-16.0,0.0,116.0,-116.0,21:00:17
35,12130.0,22.0,12130.0,12135.0,0.0,-1.0,10.0,5.0,8.0,0.0,8.0,14.0,-6.0,21:00:17
36,12130.0,104.0,12125.0,12130.0,-1.0,-1.0,20.0,11.0,0.0,0.0,0.0,104.0,-104.0,21:00:18
37,12125.0,10.0,12125.0,12130.0,0.0,0.0,19.0,35.0,-1.0,24.0,4.0,6.0,-2.0,21:00:18
38,12130.0,112.0,12125.0,12130.0,0.0,0.0,1.0,21.0,-18.0,-14.0,54.0,58.0,-4.0,21:00:19
39,12130.0,52.0,12125.0,12130.0,0.0,0.0,5.0,20.0,4.0,-1.0,22.0,30.0,-8.0,21:00:19
40,12125.0,34.0,12125.0,12130.0,0.0,0.0,44.0,25.0,39.0,5.0,22.0,12.0,10.0,21:00:20
41,12130.0,56.0,12130.0,12135.0,1.0,1.0,13.0,24.0,0.0,0.0,56.0,0.0,56.0,21:00:20
42,12130.0,34.0,12130.0,12135.0,0.0,0.0,25.0,14.0,12.0,-10.0,28.0,6.0,22.0,21:00:21
43,12135.0,6.0,12130.0,12135.0,0.0,0.0,40.0,16.0,15.0,2.0,2.0,4.0,-2.0,21:00:21
44,12130.0,126.0,12125.0,12130.0,-1.0,-1.0,44.0,2.0,0.0,0.0,0.0,126.0,-126.0,21:00:22
45,12130.0,10.0,12125.0,12130.0,0.0,0.0,44.0,3.0,0.0,1.0,10.0,-0.0,10.0,21:00:22
46,12135.0,22.0,12130.0,12135.0,1.0,1.0,5.0,4.0,0.0,0.0,22.0,0.0,22.0,21:00:23
47,12135.0,16.0,12130.0,12135.0,0.0,0.0,3.0,39.0,-2.0,35.0,4.0,12.0,-8.0,21:00:23
48,12130.0,10.0,12130.0,12135.0,0.0,0.0,1.0,41.0,-2.0,2.0,6.0,4.0,2.0,21:00:24
49,12135.0,28.0,12130.0,12135.0,0.0,0.0,14.0,30.0,13.0,-11.0,26.0,2.0,24.0,21:00:24
50,12135.0,28.0,12130.0,12135.0,0.0,0.0,37.0,22.0,23.0,-8.0,28.0,-0.0,28.0,21:00:25
51,12135.0,58.0,12135.0,12140.0,1.0,1.0,19.0,64.0,0.0,0.0,58.0,0.0,58.0,21:00:25
52,12135.0,28.0,12135.0,12140.0,0.0,0.0,22.0,60.0,3.0,-4.0,20.0,8.0,12.0,21:00:26
53,12135.0,54.0,12135.0,12140.0,0.0,0.0,21.0,45.0,-1.0,-15.0,38.0,16.0,22.0,21:00:26
54,12135.0,28.0,12135.0,12140.0,0.0,0.0,10.0,44.0,-11.0,-1.0,12.0,16.0,-4.0,21:00:27
55,12140.0,40.0,12130.0,12140.0,-1.0,0.0,52.0,42.0,0.0,-2.0,10.0,30.0,-20.0,21:00:27
56,12135.0,38.0,12135.0,12140.0,1.0,0.0,6.0,37.0,0.0,-5.0,34.0,4.0,30.0,21:00:28
57,12135.0,44.0,12130.0,12140.0,-1.0,0.0,54.0,22.0,0.0,-15.0,28.0,16.0,12.0,21:00:28
58,12140.0,28.0,12135.0,12140.0,1.0,0.0,16.0,17.0,0.0,-5.0,28.0,-0.0,28.0,21:00:29
59,12140.0,50.0,12140.0,12145.0,1.0,1.0,25.0,119.0,0.0,0.0,50.0,0.0,50.0,21:00:29
60,12140.0,70.0,12135.0,12140.0,-1.0,-1.0,25.0,9.0,0.0,0.0,0.0,70.0,-70.0,21:00:30
61,12140.0,28.0,12135.0,12140.0,0.0,0.0,13.0,9.0,-12.0,0.0,2.0,26.0,-24.0,21:00:30
62,12140.0,22.0,12135.0,12140.0,0.0,0.0,15.0,39.0,2.0,30.0,20.0,2.0,18.0,21:00:31
63,12135.0,24.0,12135.0,12140.0,0.0,0.0,14.0,38.0,-1.0,-1.0,22.0,2.0,20.0,21:00:31
64,12140.0,12.0,12135.0,12140.0,0.0,0.0,28.0,53.0,14.0,15.0,12.0,-0.0,12.0,21:00:32
65,12140.0,42.0,12135.0,12140.0,0.0,0.0,9.0,48.0,-19.0,-5.0,16.0,26.0,-10.0,21:00:32
66,12135.0,168.0,12125.0,12130.0,-1.0,-1.0,55.0,1.0,0.0,0.0,0.0,168.0,-168.0,21:00:33
67,12130.0,96.0,12130.0,12135.0,1.0,1.0,38.0,9.0,0.0,0.0,96.0,0.0,96.0,21:00:33
68,12135.0,22.0,12135.0,12140.0,1.0,1.0,40.0,33.0,0.0,0.0,22.0,0.0,22.0,21:00:34
69,12140.0,14.0,12135.0,12140.0,0.0,0.0,46.0,27.0,6.0,-6.0,12.0,2.0,10.0,21:00:34
70,12135.0,28.0,12135.0,12140.0,0.0,0.0,37.0,23.0,-9.0,-4.0,8.0,20.0,-12.0,21:00:35
71,12135.0,28.0,12135.0,12140.0,0.0,0.0,36.0,18.0,-1.0,-5.0,24.0,4.0,20.0,21:00:35
72,12140.0,12.0,12135.0,12140.0,0.0,0.0,40.0,14.0,4.0,-4.0,12.0,-0.0,12.0,21:00:36
73,12135.0,4.0,12135.0,12140.0,0.0,0.0,39.0,51.0,-1.0,37.0,2.0,2.0,0.0,21:00:36
74,12135.0,22.0,12135.0,12140.0,0.0,0.0,34.0,47.0,-5.0,-4.0,14.0,8.0,6.0,21:00:37
75,12140.0,8.0,12135.0,12140.0,0.0,0.0,36.0,56.0,2.0,9.0,8.0,-0.0,8.0,21:00:37
76,12135.0,14.0,12135.0,12140.0,0.0,0.0,37.0,51.0,1.0,-5.0,12.0,2.0,10.0,21:00:38
77,12140.0,12.0,12135.0,12140.0,0.0,0.0,38.0,48.0,1.0,-3.0,12.0,-0.0,12.0,21:00:38
78,12135.0,80.0,12135.0,12140.0,0.0,0.0,3.0,47.0,-35.0,-1.0,4.0,76.0,-72.0,21:00:39
79,12140.0,110.0,12135.0,12140.0,0.0,0.0,1.0,31.0,-2.0,-16.0,48.0,62.0,-14.0,21:00:39
80,12135.0,20.0,12130.0,12135.0,-1.0,-1.0,63.0,24.0,0.0,0.0,0.0,20.0,-20.0,21:00:40
81,12135.0,66.0,12135.0,12140.0,1.0,1.0,2.0,35.0,0.0,0.0,66.0,0.0,66.0,21:00:40
82,12135.0,2.0,12135.0,12140.0,0.0,0.0,1.0,35.0,-1.0,0.0,0.0,2.0,-2.0,21:00:41
83,12140.0,40.0,12135.0,12140.0,0.0,0.0,21.0,20.0,20.0,-15.0,40.0,-0.0,40.0,21:00:41
84,12135.0,46.0,12135.0,12140.0,0.0,0.0,34.0,7.0,13.0,-13.0,44.0,2.0,42.0,21:00:42
85,12140.0,28.0,12140.0,12145.0,1.0,1.0,3.0,199.0,0.0,0.0,28.0,0.0,28.0,21:00:42
86,12140.0,48.0,12135.0,12140.0,-1.0,-1.0,44.0,7.0,0.0,0.0,0.0,48.0,-48.0,21:00:43
87,12140.0,20.0,12135.0,12140.0,0.0,0.0,52.0,7.0,8.0,0.0,20.0,-0.0,20.0,21:00:43
88,12140.0,60.0,12140.0,12145.0,1.0,1.0,6.0,206.0,0.0,0.0,60.0,0.0,60.0,21:00:44
89,12140.0,24.0,12135.0,12140.0,-1.0,-1.0,55.0,5.0,0.0,0.0,0.0,24.0,-24.0,21:00:44
90,12140.0,46.0,12140.0,12145.0,1.0,1.0,2.0,206.0,0.0,0.0,46.0,0.0,46.0,21:00:45
91,12140.0,60.0,12135.0,12140.0,-1.0,-1.0,57.0,2.0,0.0,0.0,0.0,60.0,-60.0,21:00:45
92,12140.0,8.0,12140.0,12145.0,1.0,1.0,1.0,202.0,0.0,0.0,8.0,0.0,8.0,21:00:46
93,12145.0,34.0,12140.0,12145.0,0.0,0.0,3.0,203.0,2.0,1.0,0.0,34.0,-34.0,21:00:46
94,12140.0,52.0,12135.0,12140.0,-1.0,-1.0,49.0,2.0,0.0,0.0,0.0,52.0,-52.0,21:00:47
95,12145.0,32.0,12140.0,12145.0,1.0,1.0,5.0,195.0,0.0,0.0,32.0,0.0,32.0,21:00:47
96,12145.0,14.0,12140.0,12145.0,0.0,0.0,13.0,194.0,8.0,-1.0,8.0,6.0,2.0,21:00:48
97,12145.0,48.0,12140.0,12145.0,0.0,0.0,7.0,188.0,-6.0,-6.0,14.0,34.0,-20.0,21:00:48
98,12145.0,44.0,12140.0,12145.0,0.0,0.0,3.0,178.0,-4.0,-10.0,22.0,22.0,0.0,21:00:49
99,12140.0,8.0,12135.0,12140.0,-1.0,-1.0,46.0,4.0,0.0,0.0,0.0,8.0,-8.0,21:00:49
100,12140.0,62.0,12135.0,12140.0,0.0,0.0,44.0,26.0,-2.0,22.0,56.0,6.0,50.0,21:00:50
101,12140.0,14.0,12135.0,12140.0,0.0,0.0,44.0,40.0,0.0,14.0,14.0,-0.0,14.0,21:00:50
102,12140.0,98.0,12135.0,12140.0,0.0,0.0,45.0,23.0,1.0,-17.0,96.0,2.0,94.0,21:00:51
103,12140.0,56.0,12140.0,12145.0,1.0,1.0,7.0,173.0,0.0,0.0,56.0,0.0,56.0,21:00:51
104,12140.0,38.0,12135.0,12140.0,-1.0,-1.0,42.0,5.0,0.0,0.0,0.0,38.0,-38.0,21:00:52
105,12140.0,34.0,12135.0,12140.0,0.0,0.0,60.0,7.0,18.0,2.0,34.0,-0.0,34.0,21:00:52
106,12145.0,38.0,12140.0,12145.0,1.0,1.0,1.0,173.0,0.0,0.0,38.0,0.0,38.0,21:00:53
107,12140.0,8.0,12140.0,12145.0,0.0,0.0,11.0,173.0,10.0,0.0,0.0,8.0,-8.0,21:00:53
108,12145.0,82.0,12140.0,12145.0,0.0,0.0,113.0,159.0,102.0,-14.0,32.0,50.0,-18.0,21:00:54
109,12145.0,318.0,12140.0,12150.0,0.0,1.0,120.0,145.0,7.0,0.0,314.0,4.0,310.0,21:00:54
110,12150.0,210.0,12145.0,12150.0,1.0,0.0,7.0,53.0,0.0,-92.0,200.0,10.0,190.0,21:00:55
111,12160.0,314.0,12155.0,12160.0,1.0,1.0,1.0,38.0,0.0,0.0,314.0,0.0,314.0,21:00:55
112,12160.0,508.0,12160.0,12165.0,1.0,1.0,7.0,18.0,0.0,0.0,508.0,0.0,508.0,21:00:56
113,12165.0,246.0,12160.0,12165.0,0.0,0.0,45.0,13.0,38.0,-5.0,192.0,54.0,138.0,21:00:56
114,12155.0,426.0,12155.0,12160.0,-1.0,-1.0,12.0,23.0,0.0,0.0,0.0,426.0,-426.0,21:00:57
115,12150.0,50.0,12150.0,12155.0,-1.0,-1.0,18.0,152.0,0.0,0.0,0.0,50.0,-50.0,21:00:57
116,12145.0,64.0,12145.0,12150.0,-1.0,-1.0,54.0,59.0,0.0,0.0,0.0,64.0,-64.0,21:00:58
117,12155.0,168.0,12150.0,12155.0,1.0,1.0,1.0,134.0,0.0,0.0,168.0,0.0,168.0,21:00:58
118,12155.0,28.0,12150.0,12155.0,0.0,0.0,11.0,135.0,10.0,1.0,18.0,10.0,8.0,21:00:59
119,12150.0,24.0,12150.0,12155.0,0.0,0.0,30.0,133.0,19.0,-2.0,6.0,18.0,-12.0,21:00:59
120,12150.0,30.0,12150.0,12155.0,0.0,0.0,22.0,99.0,-8.0,-34.0,10.0,20.0,-10.0,21:01:00
121,12160.0,240.0,12155.0,12160.0,1.0,1.0,8.0,11.0,0.0,0.0,240.0,0.0,240.0,21:01:00
122,12155.0,32.0,12155.0,12160.0,0.0,0.0,82.0,22.0,74.0,11.0,12.0,20.0,-8.0,21:01:01
123,12160.0,126.0,12155.0,12165.0,0.0,1.0,39.0,46.0,-43.0,0.0,112.0,14.0,98.0,21:01:01
124,12160.0,24.0,12160.0,12165.0,1.0,0.0,8.0,48.0,0.0,2.0,7.0,17.0,-10.0,21:01:02
125,12160.0,36.0,12155.0,12160.0,-1.0,-1.0,35.0,13.0,0.0,0.0,0.0,36.0,-36.0,21:01:02
126,12155.0,30.0,12155.0,12160.0,0.0,0.0,33.0,25.0,-2.0,12.0,18.0,12.0,6.0,21:01:03
127,12155.0,20.0,12155.0,12160.0,0.0,0.0,21.0,63.0,-12.0,38.0,2.0,18.0,-16.0,21:01:03
128,12155.0,72.0,12150.0,12155.0,-1.0,-1.0,35.0,29.0,0.0,0.0,0.0,72.0,-72.0,21:01:04
129,12155.0,32.0,12150.0,12155.0,0.0,0.0,33.0,17.0,-2.0,-12.0,30.0,2.0,28.0,21:01:04
130,12150.0,14.0,12150.0,12155.0,0.0,0.0,36.0,17.0,3.0,0.0,4.0,10.0,-6.0,21:01:05
131,12155.0,24.0,12150.0,12155.0,0.0,0.0,36.0,2.0,0.0,-15.0,20.0,4.0,16.0,21:01:05
132,12150.0,28.0,12150.0,12155.0,0.0,0.0,36.0,3.0,0.0,1.0,26.0,2.0,24.0,21:01:06
133,12155.0,12.0,12150.0,12155.0,0.0,0.0,36.0,14.0,0.0,11.0,12.0,-0.0,12.0,21:01:06
134,12155.0,44.0,12150.0,12155.0,0.0,0.0,45.0,27.0,9.0,13.0,44.0,-0.0,44.0,21:01:07
135,12155.0,92.0,12150.0,12155.0,0.0,0.0,2.0,28.0,-43.0,1.0,2.0,90.0,-88.0,21:01:07
136,12150.0,44.0,12145.0,12155.0,-1.0,0.0,63.0,36.0,0.0,8.0,0.0,44.0,-44.0,21:01:08
137,12155.0,86.0,12145.0,12155.0,0.0,0.0,60.0,5.0,-3.0,-31.0,75.0,11.0,64.0,21:01:08
138,12155.0,4.0,12150.0,12155.0,1.0,0.0,14.0,10.0,0.0,5.0,4.0,-0.0,4.0,21:01:09
139,12155.0,4.0,12150.0,12155.0,0.0,0.0,34.0,21.0,20.0,11.0,4.0,-0.0,4.0,21:01:09
140,12150.0,12.0,12150.0,12155.0,0.0,0.0,43.0,17.0,9.0,-4.0,4.0,8.0,-4.0,21:01:10
141,12155.0,62.0,12155.0,12160.0,1.0,1.0,113.0,86.0,0.0,0.0,62.0,0.0,62.0,21:01:10
142,12155.0,40.0,12155.0,12160.0,0.0,0.0,108.0,89.0,-5.0,3.0,12.0,28.0,-16.0,21:01:11
143,12155.0,216.0,12155.0,12160.0,0.0,0.0,14.0,24.0,-94.0,-65.0,92.0,124.0,-32.0,21:01:11
144,12160.0,40.0,12155.0,12160.0,0.0,0.0,12.0,40.0,-2.0,16.0,34.0,6.0,28.0,21:01:12
145,12155.0,28.0,12155.0,12160.0,0.0,0.0,28.0,40.0,16.0,0.0,0.0,28.0,-28.0,21:01:12
146,12155.0,52.0,12155.0,12160.0,0.0,0.0,8.0,47.0,-20.0,7.0,0.0,52.0,-52.0,21:01:13
147,12155.0,20.0,12150.0,12155.0,-1.0,-1.0,51.0,12.0,0.0,0.0,0.0,20.0,-20.0,21:01:13
148,12155.0,34.0,12155.0,12160.0,1.0,1.0,2.0,53.0,0.0,0.0,34.0,0.0,34.0,21:01:14
149,12160.0,8.0,12150.0,12160.0,-1.0,0.0,58.0,59.0,0.0,6.0,2.0,6.0,-4.0,21:01:14
150,12160.0,0.0,12150.0,12155.0,0.0,-1.0,63.0,4.0,5.0,0.0,0.0,-0.0,0.0,21:01:15
151,12155.0,32.0,12150.0,12160.0,0.0,1.0,64.0,64.0,1.0,0.0,32.0,-0.0,32.0,21:01:15
152,12155.0,16.0,12150.0,12155.0,0.0,-1.0,67.0,14.0,3.0,0.0,8.0,8.0,0.0,21:01:16
153,12155.0,138.0,12155.0,12160.0,1.0,1.0,81.0,77.0,0.0,0.0,138.0,0.0,138.0,21:01:16
154,12155.0,12.0,12155.0,12160.0,0.0,0.0,91.0,84.0,10.0,7.0,8.0,4.0,4.0,21:01:17
155,12155.0,4.0,12155.0,12160.0,0.0,0.0,93.0,74.0,2.0,-10.0,2.0,2.0,0.0,21:01:17
156,12160.0,40.0,12155.0,12160.0,0.0,0.0,93.0,56.0,0.0,-18.0,40.0,-0.0,40.0,21:01:18
157,12160.0,124.0,12160.0,12165.0,1.0,1.0,7.0,92.0,0.0,0.0,124.0,0.0,124.0,21:01:18
158,12165.0,12.0,12160.0,12165.0,0.0,0.0,30.0,101.0,23.0,9.0,6.0,6.0,0.0,21:01:19
159,12160.0,24.0,12160.0,12165.0,0.0,0.0,33.0,97.0,3.0,-4.0,16.0,8.0,8.0,21:01:19
160,12160.0,18.0,12160.0,12165.0,0.0,0.0,37.0,102.0,4.0,5.0,0.0,18.0,-18.0,21:01:20
161,12165.0,40.0,12160.0,12165.0,0.0,0.0,13.0,109.0,-24.0,7.0,6.0,34.0,-28.0,21:01:20
162,12160.0,36.0,12155.0,12160.0,-1.0,-1.0,104.0,21.0,0.0,0.0,0.0,36.0,-36.0,21:01:21
163,12165.0,124.0,12155.0,12160.0,0.0,0.0,109.0,8.0,5.0,-13.0,124.0,0.0,124.0,21:01:21
164,12160.0,30.0,12160.0,12165.0,1.0,1.0,86.0,122.0,0.0,0.0,30.0,0.0,30.0,21:01:22
165,12160.0,8.0,12160.0,12165.0,0.0,0.0,93.0,122.0,7.0,0.0,2.0,6.0,-4.0,21:01:22
166,12160.0,18.0,12160.0,12165.0,0.0,0.0,90.0,125.0,-3.0,3.0,10.0,8.0,2.0,21:01:23
167,12160.0,38.0,12160.0,12165.0,0.0,0.0,76.0,126.0,-14.0,1.0,0.0,38.0,-38.0,21:01:23
168,12160.0,32.0,12160.0,12165.0,0.0,0.0,58.0,123.0,-18.0,-3.0,10.0,22.0,-12.0,21:01:24
169,12160.0,10.0,12160.0,12165.0,0.0,0.0,55.0,128.0,-3.0,5.0,0.0,10.0,-10.0,21:01:24
170,12160.0,64.0,12160.0,12165.0,0.0,0.0,24.0,131.0,-31.0,3.0,0.0,64.0,-64.0,21:01:25
171,12160.0,56.0,12155.0,12160.0,-1.0,-1.0,108.0,105.0,0.0,0.0,0.0,56.0,-56.0,21:01:25
172,12155.0,80.0,12155.0,12160.0,0.0,0.0,68.0,113.0,-40.0,8.0,2.0,78.0,-76.0,21:01:26
173,12155.0,172.0,12150.0,12155.0,-1.0,-1.0,55.0,11.0,0.0,0.0,0.0,172.0,-172.0,21:01:26
174,12155.0,116.0,12150.0,12155.0,0.0,0.0,57.0,2.0,2.0,-9.0,116.0,0.0,116.0,21:01:27
175,12160.0,84.0,12155.0,12160.0,1.0,1.0,11.0,75.0,0.0,0.0,84.0,0.0,84.0,21:01:27
176,12160.0,22.0,12155.0,12160.0,0.0,0.0,8.0,69.0,-3.0,-6.0,10.0,12.0,-2.0,21:01:28
177,12155.0,4.0,12155.0,12160.0,0.0,0.0,21.0,72.0,13.0,3.0,0.0,4.0,-4.0,21:01:28
178,12155.0,18.0,12155.0,12160.0,0.0,0.0,17.0,76.0,-4.0,4.0,0.0,18.0,-18.0,21:01:29
179,12160.0,40.0,12150.0,12155.0,-1.0,-1.0,75.0,5.0,0.0,0.0,0.0,40.0,-40.0,21:01:29
180,12155.0,22.0,12150.0,12155.0,0.0,0.0,73.0,9.0,-2.0,4.0,16.0,6.0,10.0,21:01:30
181,12155.0,26.0,12150.0,12155.0,0.0,0.0,64.0,21.0,-9.0,12.0,6.0,20.0,-14.0,21:01:30
182,12155.0,76.0,12150.0,12155.0,0.0,0.0,55.0,6.0,-9.0,-15.0,60.0,16.0,44.0,21:01:31
183,12155.0,4.0,12150.0,12155.0,0.0,0.0,60.0,28.0,5.0,22.0,4.0,-0.0,4.0,21:01:31
184,12155.0,10.0,12150.0,12155.0,0.0,0.0,58.0,30.0,-2.0,2.0,10.0,-0.0,10.0,21:01:32
185,12155.0,32.0,12150.0,12155.0,0.0,0.0,47.0,30.0,-11.0,0.0,12.0,20.0,-8.0,21:01:32
186,12155.0,16.0,12150.0,12155.0,0.0,0.0,41.0,38.0,-6.0,8.0,6.0,10.0,-4.0,21:01:33
187,12150.0,44.0,12150.0,12155.0,0.0,0.0,30.0,41.0,-11.0,3.0,6.0,38.0,-32.0,21:01:33
188,12155.0,18.0,12150.0,12155.0,0.0,0.0,24.0,43.0,-6.0,2.0,6.0,12.0,-6.0,21:01:34
189,12150.0,98.0,12145.0,12150.0,-1.0,-1.0,63.0,12.0,0.0,0.0,0.0,98.0,-98.0,21:01:34
190,12150.0,36.0,12145.0,12150.0,0.0,0.0,55.0,2.0,-8.0,-10.0,22.0,14.0,8.0,21:01:35
191,12150.0,6.0,12145.0,12155.0,0.0,1.0,71.0,50.0,16.0,0.0,6.0,-0.0,6.0,21:01:35
192,12150.0,4.0,12145.0,12150.0,0.0,-1.0,71.0,1.0,0.0,0.0,2.0,2.0,0.0,21:01:36
193,12150.0,2.0,12145.0,12155.0,0.0,1.0,71.0,53.0,0.0,0.0,2.0,-0.0,2.0,21:01:36
194,12145.0,10.0,12145.0,12150.0,0.0,-1.0,71.0,1.0,0.0,0.0,0.0,10.0,-10.0,21:01:37
195,12145.0,24.0,12150.0,12155.0,1.0,1.0,2.0,61.0,0.0,0.0,24.0,0.0,24.0,21:01:37
196,12150.0,10.0,12145.0,12150.0,-1.0,-1.0,65.0,30.0,0.0,0.0,0.0,10.0,-10.0,21:01:38
197,12150.0,68.0,12150.0,12155.0,1.0,1.0,18.0,62.0,0.0,0.0,68.0,0.0,68.0,21:01:38
198,12150.0,10.0,12150.0,12155.0,0.0,0.0,23.0,63.0,5.0,1.0,0.0,10.0,-10.0,21:01:39
199,12150.0,30.0,12150.0,12155.0,0.0,0.0,10.0,62.0,-13.0,-1.0,2.0,28.0,-26.0,21:01:39
200,12145.0,12.0,12145.0,12150.0,-1.0,-1.0,61.0,17.0,0.0,0.0,0.0,12.0,-12.0,21:01:40
201,12145.0,12.0,12145.0,12150.0,0.0,0.0,57.0,19.0,-4.0,2.0,2.0,10.0,-8.0,21:01:40
202,12145.0,2.0,12145.0,12150.0,0.0,0.0,69.0,29.0,12.0,10.0,0.0,2.0,-2.0,21:01:41
203,12150.0,2.0,12145.0,12150.0,0.0,0.0,70.0,28.0,1.0,-1.0,2.0,-0.0,2.0,21:01:41
204,12150.0,0.0,12145.0,12150.0,0.0,0.0,75.0,32.0,5.0,4.0,0.0,-0.0,0.0,21:01:42
205,12150.0,6.0,12145.0,12150.0,0.0,0.0,75.0,31.0,0.0,-1.0,6.0,-0.0,6.0,21:01:42
206,12145.0,14.0,12145.0,12150.0,0.0,0.0,73.0,34.0,-2.0,3.0,6.0,8.0,-2.0,21:01:43
207,12150.0,4.0,12145.0,12150.0,0.0,0.0,79.0,32.0,6.0,-2.0,4.0,-0.0,4.0,21:01:43
208,12150.0,4.0,12145.0,12150.0,0.0,0.0,79.0,30.0,0.0,-2.0,4.0,-0.0,4.0,21:01:44
209,12150.0,0.0,12145.0,12150.0,0.0,0.0,81.0,30.0,2.0,0.0,0.0,-0.0,0.0,21:01:44
210,12150.0,12.0,12145.0,12150.0,0.0,0.0,81.0,29.0,0.0,-1.0,12.0,-0.0,12.0,21:01:45
211,12150.0,8.0,12145.0,12150.0,0.0,0.0,82.0,36.0,1.0,7.0,8.0,-0.0,8.0,21:01:45
212,12145.0,62.0,12145.0,12150.0,0.0,0.0,54.0,45.0,-28.0,9.0,2.0,60.0,-58.0,21:01:46
213,12150.0,98.0,12150.0,12155.0,1.0,1.0,1.0,84.0,0.0,0.0,98.0,0.0,98.0,21:01:46
214,12150.0,0.0,12150.0,12155.0,0.0,0.0,15.0,88.0,14.0,4.0,0.0,-0.0,0.0,21:01:47
215,12150.0,32.0,12150.0,12155.0,0.0,0.0,19.0,88.0,4.0,0.0,0.0,32.0,-32.0,21:01:47
216,12150.0,30.0,12150.0,12155.0,0.0,0.0,2.0,75.0,-17.0,-13.0,6.0,24.0,-18.0,21:01:48
217,12150.0,48.0,12150.0,12155.0,0.0,0.0,6.0,53.0,4.0,-22.0,44.0,4.0,40.0,21:01:48
218,12150.0,10.0,12150.0,12155.0,0.0,0.0,20.0,60.0,14.0,7.0,6.0,4.0,2.0,21:01:49
219,12150.0,4.0,12150.0,12155.0,0.0,0.0,32.0,67.0,12.0,7.0,0.0,4.0,-4.0,21:01:49
220,12150.0,42.0,12150.0,12155.0,0.0,0.0,11.0,63.0,-21.0,-4.0,0.0,42.0,-42.0,21:01:50
221,12150.0,24.0,12145.0,12155.0,-1.0,0.0,59.0,63.0,0.0,0.0,0.0,24.0,-24.0,21:01:50
222,12155.0,18.0,12145.0,12155.0,0.0,0.0,62.0,59.0,3.0,-4.0,17.0,1.0,16.0,21:01:51
223,12155.0,44.0,12145.0,12155.0,0.0,0.0,45.0,61.0,-17.0,2.0,4.0,40.0,-36.0,21:01:51
224,12150.0,58.0,12145.0,12150.0,0.0,-1.0,41.0,2.0,-4.0,0.0,39.0,19.0,20.0,21:01:52
225,12150.0,18.0,12145.0,12150.0,0.0,0.0,48.0,10.0,7.0,8.0,18.0,-0.0,18.0,21:01:52
226,12150.0,0.0,12145.0,12150.0,0.0,0.0,48.0,23.0,0.0,13.0,0.0,-0.0,0.0,21:01:53
227,12150.0,6.0,12145.0,12150.0,0.0,0.0,50.0,20.0,2.0,-3.0,6.0,-0.0,6.0,21:01:53
228,12145.0,84.0,12145.0,12150.0,0.0,0.0,11.0,24.0,-39.0,4.0,4.0,80.0,-76.0,21:01:54
229,12145.0,20.0,12140.0,12145.0,-1.0,-1.0,115.0,5.0,0.0,0.0,0.0,20.0,-20.0,21:01:54
230,12140.0,4.0,12140.0,12145.0,0.0,0.0,116.0,8.0,1.0,3.0,2.0,2.0,0.0,21:01:55
231,12145.0,2.0,12140.0,12145.0,0.0,0.0,114.0,14.0,-2.0,6.0,2.0,-0.0,2.0,21:01:55
232,12145.0,6.0,12140.0,12145.0,0.0,0.0,116.0,21.0,2.0,7.0,6.0,-0.0,6.0,21:01:56
233,12145.0,8.0,12140.0,12145.0,0.0,0.0,114.0,19.0,-2.0,-2.0,4.0,4.0,0.0,21:01:56
234,12140.0,100.0,12140.0,12145.0,0.0,0.0,69.0,29.0,-45.0,10.0,0.0,100.0,-100.0,21:01:57
235,12145.0,2.0,12140.0,12145.0,0.0,0.0,67.0,35.0,-2.0,6.0,2.0,-0.0,2.0,21:01:57
236,12140.0,2.0,12140.0,12145.0,0.0,0.0,72.0,35.0,5.0,0.0,0.0,2.0,-2.0,21:01:58
237,12140.0,18.0,12140.0,12145.0,0.0,0.0,72.0,30.0,0.0,-5.0,14.0,4.0,10.0,21:01:58
238,12140.0,0.0,12140.0,12145.0,0.0,0.0,73.0,27.0,1.0,-3.0,0.0,-0.0,0.0,21:01:59
239,12140.0,0.0,12140.0,12145.0,0.0,0.0,79.0,27.0,6.0,0.0,0.0,-0.0,0.0,21:01:59
240,12140.0,8.0,12140.0,12145.0,0.0,0.0,78.0,26.0,-1.0,-1.0,2.0,6.0,-4.0,21:02:00
241,12140.0,38.0,12140.0,12145.0,0.0,0.0,69.0,25.0,-9.0,-1.0,12.0,26.0,-14.0,21:02:00
242,12145.0,32.0,12140.0,12145.0,0.0,0.0,60.0,24.0,-9.0,-1.0,12.0,20.0,-8.0,21:02:01
243,12140.0,2.0,12140.0,12145.0,0.0,0.0,54.0,27.0,-6.0,3.0,0.0,2.0,-2.0,21:02:01
244,12140.0,2.0,12140.0,12145.0,0.0,0.0,56.0,30.0,2.0,3.0,0.0,2.0,-2.0,21:02:02
245,12145.0,4.0,12140.0,12145.0,0.0,0.0,56.0,30.0,0.0,0.0,2.0,2.0,0.0,21:02:02
246,12145.0,10.0,12140.0,12145.0,0.0,0.0,56.0,28.0,0.0,-2.0,8.0,2.0,6.0,21:02:03
247,12140.0,62.0,12140.0,12145.0,0.0,0.0,36.0,19.0,-20.0,-9.0,20.0,42.0,-22.0,21:02:03
248,12145.0,6.0,12140.0,12145.0,0.0,0.0,36.0,31.0,0.0,12.0,4.0,2.0,2.0,21:02:04
249,12140.0,80.0,12135.0,12140.0,-1.0,-1.0,46.0,4.0,0.0,0.0,0.0,80.0,-80.0,21:02:04
250,12140.0,26.0,12135.0,12140.0,0.0,0.0,52.0,32.0,6.0,28.0,4.0,22.0,-18.0,21:02:05
251,12140.0,40.0,12135.0,12140.0,0.0,0.0,56.0,27.0,4.0,-5.0,40.0,-0.0,40.0,21:02:05
252,12135.0,22.0,12135.0,12140.0,0.0,0.0,57.0,18.0,1.0,-9.0,20.0,2.0,18.0,21:02:06
253,12140.0,38.0,12135.0,12140.0,0.0,0.0,56.0,18.0,-1.0,0.0,2.0,36.0,-34.0,21:02:06
254,12135.0,2.0,12135.0,12140.0,0.0,0.0,57.0,20.0,1.0,2.0,0.0,2.0,-2.0,21:02:07
255,12140.0,2.0,12135.0,12140.0,0.0,0.0,60.0,22.0,3.0,2.0,2.0,-0.0,2.0,21:02:07
256,12140.0,20.0,12135.0,12140.0,0.0,0.0,52.0,22.0,-8.0,0.0,2.0,18.0,-16.0,21:02:08
257,12135.0,2.0,12135.0,12140.0,0.0,0.0,53.0,62.0,1.0,40.0,0.0,2.0,-2.0,21:02:08
258,12135.0,0.0,12135.0,12140.0,0.0,0.0,50.0,64.0,-3.0,2.0,0.0,-0.0,0.0,21:02:09
259,12135.0,2.0,12135.0,12140.0,0.0,0.0,80.0,64.0,30.0,0.0,0.0,2.0,-2.0,21:02:09
260,12135.0,0.0,12135.0,12140.0,0.0,0.0,83.0,63.0,3.0,-1.0,0.0,-0.0,0.0,21:02:10
261,12135.0,0.0,12135.0,12140.0,0.0,0.0,88.0,71.0,5.0,8.0,0.0,-0.0,0.0,21:02:10
262,12140.0,104.0,12135.0,12140.0,0.0,0.0,88.0,21.0,0.0,-50.0,102.0,2.0,100.0,21:02:11
263,12140.0,66.0,12140.0,12145.0,1.0,1.0,84.0,40.0,0.0,0.0,66.0,0.0,66.0,21:02:11
264,12140.0,34.0,12140.0,12145.0,0.0,0.0,89.0,39.0,5.0,-1.0,0.0,34.0,-34.0,21:02:12
265,12140.0,26.0,12140.0,12145.0,0.0,0.0,103.0,30.0,14.0,-9.0,22.0,4.0,18.0,21:02:12
266,12145.0,52.0,12140.0,12150.0,0.0,1.0,79.0,44.0,-24.0,0.0,52.0,-0.0,52.0,21:02:13
267,12140.0,2.0,12145.0,12150.0,1.0,0.0,5.0,66.0,0.0,22.0,0.0,2.0,-2.0,21:02:13
268,12145.0,48.0,12140.0,12150.0,-1.0,0.0,80.0,66.0,0.0,0.0,0.0,48.0,-48.0,21:02:14
269,12145.0,2.0,12145.0,12150.0,1.0,0.0,4.0,73.0,0.0,7.0,1.0,1.0,0.0,21:02:14
270,12145.0,72.0,12145.0,12150.0,0.0,0.0,28.0,40.0,24.0,-33.0,66.0,6.0,60.0,21:02:15
271,12145.0,34.0,12145.0,12150.0,0.0,0.0,39.0,32.0,11.0,-8.0,18.0,16.0,2.0,21:02:15
272,12150.0,62.0,12145.0,12150.0,0.0,0.0,60.0,4.0,21.0,-28.0,56.0,6.0,50.0,21:02:16
273,12150.0,26.0,12150.0,12155.0,1.0,1.0,35.0,70.0,0.0,0.0,26.0,0.0,26.0,21:02:16
274,12150.0,10.0,12150.0,12155.0,0.0,0.0,36.0,72.0,1.0,2.0,2.0,8.0,-6.0,21:02:17
275,12150.0,0.0,12150.0,12155.0,0.0,0.0,39.0,72.0,3.0,0.0,0.0,-0.0,0.0,21:02:17
276,12155.0,8.0,12150.0,12155.0,0.0,0.0,34.0,67.0,-5.0,-5.0,8.0,-0.0,8.0,21:02:18
277,12155.0,10.0,12150.0,12155.0,0.0,0.0,31.0,69.0,-3.0,2.0,6.0,4.0,2.0,21:02:18
278,12155.0,0.0,12150.0,12155.0,0.0,0.0,29.0,69.0,-2.0,0.0,0.0,-0.0,0.0,21:02:19
279,12150.0,12.0,12150.0,12155.0,0.0,0.0,18.0,69.0,-11.0,0.0,0.0,12.0,-12.0,21:02:19
280,12150.0,52.0,12145.0,12150.0,-1.0,-1.0,64.0,41.0,0.0,0.0,0.0,52.0,-52.0,21:02:20
281,12150.0,0.0,12145.0,12150.0,0.0,0.0,66.0,44.0,2.0,3.0,0.0,-0.0,0.0,21:02:20
282,12145.0,34.0,12145.0,12150.0,0.0,0.0,54.0,40.0,-12.0,-4.0,10.0,24.0,-14.0,21:02:21
283,12150.0,2.0,12145.0,12150.0,0.0,0.0,59.0,42.0,5.0,2.0,2.0,-0.0,2.0,21:02:21
284,12150.0,4.0,12145.0,12150.0,0.0,0.0,66.0,49.0,7.0,7.0,4.0,-0.0,4.0,21:02:22
285,12150.0,8.0,12145.0,12150.0,0.0,0.0,67.0,47.0,1.0,-2.0,8.0,-0.0,8.0,21:02:22
286,12150.0,0.0,12145.0,12150.0,0.0,0.0,67.0,49.0,0.0,2.0,0.0,-0.0,0.0,21:02:23
287,12150.0,8.0,12145.0,12150.0,0.0,0.0,67.0,49.0,0.0,0.0,6.0,2.0,4.0,21:02:23
288,12150.0,4.0,12145.0,12150.0,0.0,0.0,67.0,48.0,0.0,-1.0,4.0,-0.0,4.0,21:02:24
289,12150.0,0.0,12145.0,12150.0,0.0,0.0,68.0,48.0,1.0,0.0,0.0,-0.0,0.0,21:02:24
290,12150.0,0.0,12145.0,12150.0,0.0,0.0,70.0,48.0,2.0,0.0,0.0,-0.0,0.0,21:02:25
291,12150.0,4.0,12145.0,12150.0,0.0,0.0,72.0,51.0,2.0,3.0,4.0,-0.0,4.0,21:02:25
292,12150.0,2.0,12145.0,12150.0,0.0,0.0,73.0,49.0,1.0,-2.0,2.0,-0.0,2.0,21:02:26
293,12145.0,2.0,12145.0,12150.0,0.0,0.0,73.0,49.0,0.0,0.0,0.0,2.0,-2.0,21:02:26
294,12145.0,0.0,12145.0,12150.0,0.0,0.0,74.0,49.0,1.0,0.0,0.0,-0.0,0.0,21:02:27
295,12150.0,4.0,12145.0,12150.0,0.0,0.0,74.0,47.0,0.0,-2.0,4.0,-0.0,4.0,21:02:27
296,12150.0,6.0,12145.0,12150.0,0.0,0.0,75.0,44.0,1.0,-3.0,6.0,-0.0,6.0,21:02:28
297,12150.0,0.0,12145.0,12150.0,0.0,0.0,75.0,45.0,0.0,1.0,0.0,-0.0,0.0,21:02:28
298,12150.0,16.0,12145.0,12150.0,0.0,0.0,76.0,26.0,1.0,-19.0,16.0,-0.0,16.0,21:02:29
299,12150.0,14.0,12145.0,12150.0,0.0,0.0,86.0,20.0,10.0,-6.0,14.0,-0.0,14.0,21:02:29
300,12150.0,42.0,12150.0,12155.0,1.0,1.0,4.0,72.0,0.0,0.0,42.0,0.0,42.0,21:02:30
301,12150.0,60.0,12150.0,12155.0,0.0,0.0,24.0,81.0,20.0,9.0,0.0,60.0,-60.0,21:02:30
302,12150.0,64.0,12145.0,12150.0,-1.0,-1.0,84.0,21.0,0.0,0.0,0.0,64.0,-64.0,21:02:31
303,12150.0,22.0,12145.0,12150.0,0.0,0.0,84.0,38.0,0.0,17.0,6.0,16.0,-10.0,21:02:31
304,12150.0,10.0,12145.0,12150.0,0.0,0.0,84.0,50.0,0.0,12.0,6.0,4.0,2.0,21:02:32
305,12150.0,4.0,12145.0,12150.0,0.0,0.0,86.0,48.0,2.0,-2.0,4.0,-0.0,4.0,21:02:32
306,12150.0,2.0,12145.0,12150.0,0.0,0.0,86.0,47.0,0.0,-1.0,2.0,-0.0,2.0,21:02:33
307,12150.0,2.0,12145.0,12150.0,0.0,0.0,86.0,46.0,0.0,-1.0,2.0,-0.0,2.0,21:02:33
308,12150.0,4.0,12145.0,12150.0,0.0,0.0,86.0,45.0,0.0,-1.0,2.0,2.0,0.0,21:02:34
309,12150.0,2.0,12145.0,12150.0,0.0,0.0,87.0,44.0,1.0,-1.0,2.0,-0.0,2.0,21:02:34
310,12150.0,2.0,12145.0,12150.0,0.0,0.0,87.0,46.0,0.0,2.0,2.0,-0.0,2.0,21:02:35
311,12150.0,10.0,12145.0,12150.0,0.0,0.0,87.0,45.0,0.0,-1.0,10.0,-0.0,10.0,21:02:35
312,12150.0,2.0,12145.0,12150.0,0.0,0.0,89.0,45.0,2.0,0.0,2.0,-0.0,2.0,21:02:36
313,12150.0,6.0,12145.0,12150.0,0.0,0.0,85.0,34.0,-4.0,-11.0,6.0,-0.0,6.0,21:02:36
314,12150.0,4.0,12145.0,12150.0,0.0,0.0,85.0,36.0,0.0,2.0,4.0,-0.0,4.0,21:02:37
315,12145.0,40.0,12145.0,12150.0,0.0,0.0,83.0,19.0,-2.0,-17.0,34.0,6.0,28.0,21:02:37
316,12150.0,4.0,12145.0,12150.0,0.0,0.0,86.0,17.0,3.0,-2.0,4.0,-0.0,4.0,21:02:38
317,12145.0,4.0,12145.0,12150.0,0.0,0.0,97.0,16.0,11.0,-1.0,2.0,2.0,0.0,21:02:38
318,12150.0,2.0,12145.0,12150.0,0.0,0.0,94.0,22.0,-3.0,6.0,2.0,-0.0,2.0,21:02:39
319,12150.0,10.0,12145.0,12150.0,0.0,0.0,94.0,20.0,0.0,-2.0,10.0,-0.0,10.0,21:02:39
320,12150.0,50.0,12150.0,12155.0,1.0,1.0,27.0,78.0,0.0,0.0,50.0,0.0,50.0,21:02:40
321,12150.0,4.0,12150.0,12155.0,0.0,0.0,41.0,82.0,14.0,4.0,0.0,4.0,-4.0,21:02:40
322,12150.0,4.0,12150.0,12155.0,0.0,0.0,46.0,82.0,5.0,0.0,0.0,4.0,-4.0,21:02:41
323,12155.0,2.0,12150.0,12155.0,0.0,0.0,53.0,81.0,7.0,-1.0,2.0,-0.0,2.0,21:02:41
324,12155.0,32.0,12150.0,12155.0,0.0,0.0,65.0,68.0,12.0,-13.0,20.0,12.0,8.0,21:02:42
325,12155.0,12.0,12150.0,12155.0,0.0,0.0,66.0,62.0,1.0,-6.0,12.0,-0.0,12.0,21:02:42
326,12155.0,2.0,12150.0,12155.0,0.0,0.0,67.0,62.0,1.0,0.0,2.0,-0.0,2.0,21:02:43
327,12150.0,12.0,12150.0,12155.0,0.0,0.0,61.0,64.0,-6.0,2.0,0.0,12.0,-12.0,21:02:43
328,12155.0,2.0,12150.0,12155.0,0.0,0.0,62.0,65.0,1.0,1.0,2.0,-0.0,2.0,21:02:44
329,12155.0,2.0,12150.0,12155.0,0.0,0.0,62.0,64.0,0.0,-1.0,2.0,-0.0,2.0,21:02:44
330,12155.0,10.0,12150.0,12155.0,0.0,0.0,63.0,59.0,1.0,-5.0,8.0,2.0,6.0,21:02:45
331,12155.0,6.0,12150.0,12155.0,0.0,0.0,62.0,70.0,-1.0,11.0,6.0,-0.0,6.0,21:02:45
332,12155.0,10.0,12150.0,12155.0,0.0,0.0,59.0,71.0,-3.0,1.0,4.0,6.0,-2.0,21:02:46
333,12150.0,2.0,12150.0,12155.0,0.0,0.0,57.0,73.0,-2.0,2.0,0.0,2.0,-2.0,21:02:46
334,12150.0,0.0,12150.0,12155.0,0.0,0.0,60.0,79.0,3.0,6.0,0.0,-0.0,0.0,21:02:47
335,12150.0,2.0,12150.0,12155.0,0.0,0.0,59.0,79.0,-1.0,0.0,0.0,2.0,-2.0,21:02:47
336,12150.0,18.0,12150.0,12155.0,0.0,0.0,51.0,78.0,-8.0,-1.0,2.0,16.0,-14.0,21:02:48
337,12155.0,4.0,12150.0,12155.0,0.0,0.0,46.0,78.0,-5.0,0.0,2.0,2.0,0.0,21:02:48
338,12150.0,10.0,12150.0,12155.0,0.0,0.0,42.0,73.0,-4.0,-5.0,2.0,8.0,-6.0,21:02:49
339,12155.0,8.0,12150.0,12155.0,0.0,0.0,34.0,71.0,-8.0,-2.0,4.0,4.0,0.0,21:02:49
340,12155.0,0.0,12150.0,12155.0,0.0,0.0,35.0,73.0,1.0,2.0,0.0,-0.0,0.0,21:02:50
341,12155.0,8.0,12150.0,12155.0,0.0,0.0,36.0,70.0,1.0,-3.0,6.0,2.0,4.0,21:02:50
342,12155.0,0.0,12150.0,12155.0,0.0,0.0,40.0,70.0,4.0,0.0,0.0,-0.0,0.0,21:02:51
343,12150.0,2.0,12150.0,12155.0,0.0,0.0,46.0,70.0,6.0,0.0,0.0,2.0,-2.0,21:02:51
344,12150.0,96.0,12145.0,12150.0,-1.0,-1.0,100.0,29.0,0.0,0.0,0.0,96.0,-96.0,21:02:52
345,12150.0,0.0,12145.0,12150.0,0.0,0.0,100.0,39.0,0.0,10.0,0.0,-0.0,0.0,21:02:52
346,12150.0,2.0,12145.0,12150.0,0.0,0.0,99.0,38.0,-1.0,-1.0,2.0,-0.0,2.0,21:02:53
347,12150.0,4.0,12145.0,12150.0,0.0,0.0,100.0,37.0,1.0,-1.0,4.0,-0.0,4.0,21:02:53
348,12150.0,10.0,12145.0,12150.0,0.0,0.0,100.0,33.0,0.0,-4.0,10.0,-0.0,10.0,21:02:54
349,12150.0,168.0,12150.0,12155.0,1.0,1.0,1.0,76.0,0.0,0.0,168.0,0.0,168.0,21:02:54
350,12150.0,8.0,12145.0,12150.0,-1.0,-1.0,50.0,69.0,0.0,0.0,0.0,8.0,-8.0,21:02:55
351,12150.0,0.0,12145.0,12150.0,0.0,0.0,50.0,74.0,0.0,5.0,0.0,-0.0,0.0,21:02:55
352,12150.0,2.0,12145.0,12150.0,0.0,0.0,50.0,78.0,0.0,4.0,2.0,-0.0,2.0,21:02:56
353,12150.0,18.0,12145.0,12150.0,0.0,0.0,48.0,86.0,-2.0,8.0,14.0,4.0,10.0,21:02:56
354,12150.0,0.0,12145.0,12150.0,0.0,0.0,40.0,86.0,-8.0,0.0,0.0,-0.0,0.0,21:02:57
355,12150.0,22.0,12145.0,12150.0,0.0,0.0,31.0,89.0,-9.0,3.0,2.0,20.0,-18.0,21:02:57
356,12150.0,8.0,12145.0,12150.0,0.0,0.0,31.0,86.0,0.0,-3.0,8.0,-0.0,8.0,21:02:58
357,12145.0,10.0,12145.0,12150.0,0.0,0.0,27.0,87.0,-4.0,1.0,2.0,8.0,-6.0,21:02:58
358,12150.0,2.0,12145.0,12150.0,0.0,0.0,28.0,101.0,1.0,14.0,2.0,-0.0,2.0,21:02:59
359,12145.0,12.0,12145.0,12150.0,0.0,0.0,17.0,100.0,-11.0,-1.0,6.0,6.0,0.0,21:02:59
360,12145.0,14.0,12145.0,12150.0,0.0,0.0,11.0,101.0,-6.0,1.0,0.0,14.0,-14.0,21:03:00
361,12150.0,6.0,12145.0,12150.0,0.0,0.0,51.0,101.0,40.0,0.0,2.0,4.0,-2.0,21:03:00
362,12150.0,2.0,12145.0,12150.0,0.0,0.0,57.0,100.0,6.0,-1.0,2.0,-0.0,2.0,21:03:01
363,12150.0,6.0,12145.0,12150.0,0.0,0.0,62.0,97.0,5.0,-3.0,6.0,-0.0,6.0,21:03:01
364,12150.0,2.0,12145.0,12150.0,0.0,0.0,64.0,96.0,2.0,-1.0,2.0,-0.0,2.0,21:03:02
365,12150.0,18.0,12145.0,12150.0,0.0,0.0,63.0,87.0,-1.0,-9.0,18.0,-0.0,18.0,21:03:02
366,12150.0,0.0,12145.0,12150.0,0.0,0.0,65.0,87.0,2.0,0.0,0.0,-0.0,0.0,21:03:03
367,12150.0,0.0,12145.0,12150.0,0.0,0.0,66.0,87.0,1.0,0.0,0.0,-0.0,0.0,21:03:03
368,12150.0,4.0,12145.0,12150.0,0.0,0.0,66.0,85.0,0.0,-2.0,4.0,-0.0,4.0,21:03:04
369,12150.0,146.0,12145.0,12150.0,0.0,0.0,66.0,13.0,0.0,-72.0,146.0,-0.0,146.0,21:03:04
370,12150.0,48.0,12150.0,12155.0,1.0,1.0,117.0,73.0,0.0,0.0,48.0,0.0,48.0,21:03:05
371,12150.0,20.0,12150.0,12155.0,0.0,0.0,119.0,74.0,2.0,1.0,0.0,20.0,-20.0,21:03:05
372,12150.0,0.0,12150.0,12155.0,0.0,0.0,120.0,74.0,1.0,0.0,0.0,-0.0,0.0,21:03:06
373,12150.0,0.0,12150.0,12155.0,0.0,0.0,120.0,75.0,0.0,1.0,0.0,-0.0,0.0,21:03:06
374,12155.0,6.0,12150.0,12155.0,0.0,0.0,121.0,72.0,1.0,-3.0,6.0,-0.0,6.0,21:03:07
375,12150.0,2.0,12150.0,12155.0,0.0,0.0,121.0,72.0,0.0,0.0,0.0,2.0,-2.0,21:03:07
376,12150.0,6.0,12150.0,12155.0,0.0,0.0,118.0,71.0,-3.0,-1.0,0.0,6.0,-6.0,21:03:08
377,12150.0,10.0,12150.0,12155.0,0.0,0.0,113.0,77.0,-5.0,6.0,0.0,10.0,-10.0,21:03:08
378,12150.0,0.0,12150.0,12155.0,0.0,0.0,112.0,80.0,-1.0,3.0,0.0,-0.0,0.0,21:03:09
379,12150.0,4.0,12150.0,12155.0,0.0,0.0,111.0,82.0,-1.0,2.0,0.0,4.0,-4.0,21:03:09
380,12155.0,2.0,12150.0,12155.0,0.0,0.0,112.0,97.0,1.0,15.0,2.0,-0.0,2.0,21:03:10
381,12155.0,4.0,12150.0,12155.0,0.0,0.0,111.0,99.0,-1.0,2.0,2.0,2.0,0.0,21:03:10
382,12155.0,2.0,12150.0,12155.0,0.0,0.0,112.0,98.0,1.0,-1.0,2.0,-0.0,2.0,21:03:11
383,12155.0,34.0,12150.0,12155.0,0.0,0.0,112.0,92.0,0.0,-6.0,34.0,-0.0,34.0,21:03:11
384,12150.0,100.0,12150.0,12155.0,0.0,0.0,63.0,89.0,-49.0,-3.0,0.0,100.0,-100.0,21:03:12
385,12150.0,24.0,12150.0,12155.0,0.0,0.0,38.0,92.0,-25.0,3.0,0.0,24.0,-24.0,21:03:12
386,12150.0,68.0,12145.0,12150.0,-1.0,-1.0,61.0,22.0,0.0,0.0,0.0,68.0,-68.0,21:03:13
387,12150.0,6.0,12145.0,12150.0,0.0,0.0,60.0,44.0,-1.0,22.0,6.0,-0.0,6.0,21:03:13
388,12150.0,12.0,12145.0,12150.0,0.0,0.0,60.0,43.0,0.0,-1.0,12.0,-0.0,12.0,21:03:14
389,12150.0,18.0,12145.0,12150.0,0.0,0.0,60.0,39.0,0.0,-4.0,18.0,-0.0,18.0,21:03:14
390,12150.0,0.0,12145.0,12150.0,0.0,0.0,60.0,40.0,0.0,1.0,0.0,-0.0,0.0,21:03:15
391,12150.0,2.0,12145.0,12150.0,0.0,0.0,60.0,41.0,0.0,1.0,2.0,-0.0,2.0,21:03:15
392,12150.0,2.0,12145.0,12150.0,0.0,0.0,59.0,40.0,-1.0,-1.0,2.0,-0.0,2.0,21:03:16
393,12150.0,0.0,12145.0,12150.0,0.0,0.0,60.0,41.0,1.0,1.0,0.0,-0.0,0.0,21:03:16
394,12150.0,2.0,12145.0,12150.0,0.0,0.0,61.0,40.0,1.0,-1.0,2.0,-0.0,2.0,21:03:17
395,12145.0,2.0,12145.0,12150.0,0.0,0.0,59.0,40.0,-2.0,0.0,0.0,2.0,-2.0,21:03:17
396,12145.0,0.0,12145.0,12150.0,0.0,0.0,62.0,40.0,3.0,0.0,0.0,-0.0,0.0,21:03:18
397,12145.0,0.0,12145.0,12150.0,0.0,0.0,62.0,43.0,0.0,3.0,0.0,-0.0,0.0,21:03:18
398,12150.0,88.0,12150.0,12155.0,1.0,1.0,37.0,96.0,0.0,0.0,88.0,0.0,88.0,21:03:19
399,12150.0,8.0,12150.0,12155.0,0.0,0.0,44.0,101.0,7.0,5.0,0.0,8.0,-8.0,21:03:19
400,12155.0,2.0,12150.0,12155.0,0.0,0.0,45.0,100.0,1.0,-1.0,2.0,-0.0,2.0,21:03:20
401,12155.0,0.0,12150.0,12155.0,0.0,0.0,45.0,101.0,0.0,1.0,0.0,-0.0,0.0,21:03:20
402,12150.0,16.0,12150.0,12155.0,0.0,0.0,37.0,103.0,-8.0,2.0,0.0,16.0,-16.0,21:03:21
403,12155.0,4.0,12150.0,12155.0,0.0,0.0,37.0,101.0,0.0,-2.0,4.0,-0.0,4.0,21:03:21
404,12150.0,2.0,12150.0,12155.0,0.0,0.0,60.0,101.0,23.0,0.0,0.0,2.0,-2.0,21:03:22
405,12150.0,4.0,12150.0,12155.0,0.0,0.0,60.0,103.0,0.0,2.0,0.0,4.0,-4.0,21:03:22
406,12150.0,0.0,12150.0,12155.0,0.0,0.0,59.0,103.0,-1.0,0.0,0.0,-0.0,0.0,21:03:23
407,12155.0,10.0,12150.0,12155.0,0.0,0.0,58.0,100.0,-1.0,-3.0,8.0,2.0,6.0,21:03:23
408,12150.0,2.0,12150.0,12155.0,0.0,0.0,59.0,99.0,1.0,-1.0,0.0,2.0,-2.0,21:03:24
409,12150.0,0.0,12150.0,12155.0,0.0,0.0,92.0,100.0,33.0,1.0,0.0,-0.0,0.0,21:03:24
410,12150.0,0.0,12150.0,12155.0,0.0,0.0,96.0,100.0,4.0,0.0,0.0,-0.0,0.0,21:03:25
411,12155.0,102.0,12150.0,12155.0,0.0,0.0,97.0,50.0,1.0,-50.0,102.0,-0.0,102.0,21:03:25
412,12160.0,112.0,12155.0,12160.0,1.0,1.0,7.0,172.0,0.0,0.0,112.0,0.0,112.0,21:03:26
413,12155.0,24.0,12155.0,12160.0,0.0,0.0,28.0,198.0,21.0,26.0,0.0,24.0,-24.0,21:03:26
414,12155.0,36.0,12155.0,12160.0,0.0,0.0,14.0,201.0,-14.0,3.0,2.0,34.0,-32.0,21:03:27
415,12155.0,28.0,12150.0,12160.0,-1.0,0.0,93.0,202.0,0.0,1.0,0.0,28.0,-28.0,21:03:27
416,12155.0,0.0,12150.0,12160.0,0.0,0.0,94.0,202.0,1.0,0.0,0.0,-0.0,0.0,21:03:28
417,12160.0,2.0,12155.0,12160.0,1.0,0.0,3.0,201.0,0.0,-1.0,2.0,-0.0,2.0,21:03:28
418,12160.0,10.0,12155.0,12160.0,0.0,0.0,8.0,199.0,5.0,-2.0,6.0,4.0,2.0,21:03:29
419,12155.0,16.0,12150.0,12155.0,-1.0,-1.0,99.0,11.0,0.0,0.0,0.0,16.0,-16.0,21:03:29
420,12155.0,38.0,12150.0,12160.0,0.0,1.0,100.0,206.0,1.0,0.0,38.0,-0.0,38.0,21:03:30
421,12155.0,8.0,12150.0,12155.0,0.0,-1.0,98.0,14.0,-2.0,0.0,2.0,6.0,-4.0,21:03:30
422,12155.0,0.0,12150.0,12155.0,0.0,0.0,102.0,21.0,4.0,7.0,0.0,-0.0,0.0,21:03:31
423,12155.0,2.0,12150.0,12155.0,0.0,0.0,105.0,21.0,3.0,0.0,2.0,-0.0,2.0,21:03:31
424,12155.0,10.0,12150.0,12155.0,0.0,0.0,106.0,17.0,1.0,-4.0,10.0,-0.0,10.0,21:03:32
425,12155.0,30.0,12150.0,12155.0,0.0,0.0,106.0,10.0,0.0,-7.0,30.0,-0.0,30.0,21:03:32
426,12155.0,4.0,12150.0,12155.0,0.0,0.0,107.0,19.0,1.0,9.0,4.0,-0.0,4.0,21:03:33
427,12155.0,2.0,12150.0,12155.0,0.0,0.0,108.0,9.0,1.0,-10.0,2.0,-0.0,2.0,21:03:33
428,12150.0,110.0,12150.0,12155.0,0.0,0.0,59.0,31.0,-49.0,22.0,10.0,100.0,-90.0,21:03:34
429,12155.0,22.0,12150.0,12155.0,0.0,0.0,81.0,38.0,22.0,7.0,22.0,-0.0,22.0,21:03:34
430,12155.0,2.0,12150.0,12155.0,0.0,0.0,83.0,69.0,2.0,31.0,2.0,-0.0,2.0,21:03:35
431,12155.0,0.0,12150.0,12155.0,0.0,0.0,84.0,71.0,1.0,2.0,0.0,-0.0,0.0,21:03:35
432,12155.0,4.0,12150.0,12155.0,0.0,0.0,85.0,73.0,1.0,2.0,4.0,-0.0,4.0,21:03:36
433,12155.0,2.0,12150.0,12155.0,0.0,0.0,85.0,74.0,0.0,1.0,2.0,-0.0,2.0,21:03:36
434,12155.0,0.0,12150.0,12155.0,0.0,0.0,85.0,74.0,0.0,0.0,0.0,-0.0,0.0,21:03:37
435,12155.0,0.0,12150.0,12155.0,0.0,0.0,85.0,75.0,0.0,1.0,0.0,-0.0,0.0,21:03:37
436,12155.0,0.0,12150.0,12155.0,0.0,0.0,84.0,82.0,-1.0,7.0,0.0,-0.0,0.0,21:03:38
437,12155.0,0.0,12150.0,12155.0,0.0,0.0,86.0,85.0,2.0,3.0,0.0,-0.0,0.0,21:03:38
438,12155.0,0.0,12150.0,12155.0,0.0,0.0,88.0,91.0,2.0,6.0,0.0,-0.0,0.0,21:03:39
439,12155.0,2.0,12150.0,12155.0,0.0,0.0,88.0,90.0,0.0,-1.0,2.0,-0.0,2.0,21:03:39
440,12155.0,0.0,12150.0,12155.0,0.0,0.0,91.0,90.0,3.0,0.0,0.0,-0.0,0.0,21:03:40
441,12155.0,0.0,12150.0,12155.0,0.0,0.0,91.0,91.0,0.0,1.0,0.0,-0.0,0.0,21:03:40
442,12155.0,60.0,12150.0,12155.0,0.0,0.0,94.0,77.0,3.0,-14.0,60.0,-0.0,60.0,21:03:41
443,12155.0,2.0,12150.0,12155.0,0.0,0.0,97.0,78.0,3.0,1.0,2.0,-0.0,2.0,21:03:41
444,12155.0,0.0,12150.0,12155.0,0.0,0.0,98.0,87.0,1.0,9.0,0.0,-0.0,0.0,21:03:42
445,12155.0,0.0,12150.0,12155.0,0.0,0.0,102.0,88.0,4.0,1.0,0.0,-0.0,0.0,21:03:42
446,12155.0,0.0,12150.0,12155.0,0.0,0.0,102.0,89.0,0.0,1.0,0.0,-0.0,0.0,21:03:43
447,12155.0,0.0,12150.0,12155.0,0.0,0.0,104.0,90.0,2.0,1.0,0.0,-0.0,0.0,21:03:43
448,12150.0,6.0,12150.0,12155.0,0.0,0.0,103.0,92.0,-1.0,2.0,4.0,2.0,2.0,21:03:44
449,12155.0,4.0,12150.0,12155.0,0.0,0.0,103.0,92.0,0.0,0.0,4.0,-0.0,4.0,21:03:44
450,12150.0,2.0,12150.0,12155.0,0.0,0.0,103.0,89.0,0.0,-3.0,0.0,2.0,-2.0,21:03:45
451,12155.0,4.0,12150.0,12155.0,0.0,0.0,107.0,87.0,4.0,-2.0,4.0,-0.0,4.0,21:03:45
452,12150.0,2.0,12150.0,12155.0,0.0,0.0,108.0,87.0,1.0,0.0,0.0,2.0,-2.0,21:03:46
453,12155.0,138.0,12150.0,12155.0,0.0,0.0,108.0,18.0,0.0,-69.0,138.0,-0.0,138.0,21:03:46
454,12155.0,46.0,12155.0,12160.0,1.0,1.0,36.0,203.0,0.0,0.0,46.0,0.0,46.0,21:03:47
455,12160.0,4.0,12155.0,12160.0,0.0,0.0,52.0,202.0,16.0,-1.0,2.0,2.0,0.0,21:03:47
456,12155.0,2.0,12155.0,12160.0,0.0,0.0,64.0,202.0,12.0,0.0,0.0,2.0,-2.0,21:03:48
457,12155.0,0.0,12155.0,12160.0,0.0,0.0,74.0,201.0,10.0,-1.0,0.0,-0.0,0.0,21:03:48
458,12160.0,2.0,12155.0,12160.0,0.0,0.0,75.0,200.0,1.0,-1.0,2.0,-0.0,2.0,21:03:49
459,12155.0,2.0,12155.0,12160.0,0.0,0.0,74.0,201.0,-1.0,1.0,0.0,2.0,-2.0,21:03:49
460,12160.0,6.0,12155.0,12160.0,0.0,0.0,74.0,200.0,0.0,-1.0,4.0,2.0,2.0,21:03:50
461,12155.0,4.0,12155.0,12160.0,0.0,0.0,76.0,202.0,2.0,2.0,0.0,4.0,-4.0,21:03:50
462,12155.0,0.0,12155.0,12160.0,0.0,0.0,76.0,202.0,0.0,0.0,0.0,-0.0,0.0,21:03:51
463,12155.0,0.0,12155.0,12160.0,0.0,0.0,76.0,202.0,0.0,0.0,0.0,-0.0,0.0,21:03:51
464,12155.0,2.0,12155.0,12160.0,0.0,0.0,80.0,202.0,4.0,0.0,0.0,2.0,-2.0,21:03:52
465,12155.0,4.0,12155.0,12160.0,0.0,0.0,80.0,201.0,0.0,-1.0,2.0,2.0,0.0,21:03:52
466,12155.0,2.0,12155.0,12160.0,0.0,0.0,79.0,201.0,-1.0,0.0,0.0,2.0,-2.0,21:03:53
467,12155.0,0.0,12155.0,12160.0,0.0,0.0,80.0,201.0,1.0,0.0,0.0,-0.0,0.0,21:03:53
468,12155.0,122.0,12155.0,12160.0,0.0,0.0,31.0,196.0,-49.0,-5.0,20.0,102.0,-82.0,21:03:54
469,12155.0,66.0,12150.0,12160.0,-1.0,0.0,135.0,197.0,0.0,1.0,0.0,66.0,-66.0,21:03:54
470,12155.0,8.0,12150.0,12155.0,0.0,-1.0,134.0,1.0,-1.0,0.0,4.0,4.0,0.0,21:03:55
471,12155.0,16.0,12155.0,12160.0,1.0,1.0,5.0,199.0,0.0,0.0,16.0,0.0,16.0,21:03:55
472,12160.0,18.0,12155.0,12160.0,0.0,0.0,15.0,198.0,10.0,-1.0,4.0,14.0,-10.0,21:03:56
473,12160.0,2.0,12155.0,12160.0,0.0,0.0,25.0,197.0,10.0,-1.0,2.0,-0.0,2.0,21:03:56
474,12160.0,0.0,12155.0,12160.0,0.0,0.0,29.0,197.0,4.0,0.0,0.0,-0.0,0.0,21:03:57
475,12160.0,4.0,12155.0,12160.0,0.0,0.0,30.0,197.0,1.0,0.0,2.0,2.0,0.0,21:03:57
476,12155.0,4.0,12155.0,12160.0,0.0,0.0,30.0,196.0,0.0,-1.0,2.0,2.0,0.0,21:03:58
477,12155.0,0.0,12155.0,12160.0,0.0,0.0,33.0,196.0,3.0,0.0,0.0,-0.0,0.0,21:03:58
478,12155.0,4.0,12155.0,12160.0,0.0,0.0,35.0,196.0,2.0,0.0,0.0,4.0,-4.0,21:03:59
479,12160.0,2.0,12155.0,12160.0,0.0,0.0,45.0,195.0,10.0,-1.0,2.0,-0.0,2.0,21:03:59
480,12160.0,0.0,12155.0,12160.0,0.0,0.0,45.0,195.0,0.0,0.0,0.0,-0.0,0.0,21:04:00
481,12160.0,4.0,12155.0,12160.0,0.0,0.0,48.0,194.0,3.0,-1.0,2.0,2.0,0.0,21:04:00
482,12160.0,8.0,12155.0,12160.0,0.0,0.0,49.0,189.0,1.0,-5.0,8.0,-0.0,8.0,21:04:01
483,12155.0,2.0,12155.0,12160.0,0.0,0.0,49.0,189.0,0.0,0.0,0.0,2.0,-2.0,21:04:01
484,12155.0,22.0,12155.0,12160.0,0.0,0.0,52.0,188.0,3.0,-1.0,2.0,20.0,-18.0,21:04:02
485,12155.0,4.0,12155.0,12160.0,0.0,0.0,51.0,199.0,-1.0,11.0,0.0,4.0,-4.0,21:04:02
486,12155.0,0.0,12155.0,12160.0,0.0,0.0,51.0,199.0,0.0,0.0,0.0,-0.0,0.0,21:04:03
487,12160.0,6.0,12155.0,12160.0,0.0,0.0,51.0,197.0,0.0,-2.0,4.0,2.0,2.0,21:04:03
488,12160.0,2.0,12155.0,12160.0,0.0,0.0,55.0,198.0,4.0,1.0,2.0,-0.0,2.0,21:04:04
489,12160.0,120.0,12155.0,12160.0,0.0,0.0,55.0,138.0,0.0,-60.0,120.0,-0.0,120.0,21:04:04
490,12160.0,0.0,12155.0,12160.0,0.0,0.0,58.0,139.0,3.0,1.0,0.0,-0.0,0.0,21:04:05
491,12155.0,48.0,12155.0,12160.0,0.0,0.0,54.0,120.0,-4.0,-19.0,40.0,8.0,32.0,21:04:05
492,12155.0,20.0,12155.0,12160.0,0.0,0.0,44.0,120.0,-10.0,0.0,0.0,20.0,-20.0,21:04:06
493,12155.0,0.0,12155.0,12160.0,0.0,0.0,41.0,120.0,-3.0,0.0,0.0,-0.0,0.0,21:04:06
494,12155.0,0.0,12155.0,12160.0,0.0,0.0,42.0,120.0,1.0,0.0,0.0,-0.0,0.0,21:04:07
495,12160.0,4.0,12155.0,12160.0,0.0,0.0,42.0,118.0,0.0,-2.0,4.0,-0.0,4.0,21:04:07
496,12155.0,2.0,12155.0,12160.0,0.0,0.0,46.0,130.0,4.0,12.0,0.0,2.0,-2.0,21:04:08
497,12155.0,4.0,12155.0,12160.0,0.0,0.0,45.0,128.0,-1.0,-2.0,0.0,4.0,-4.0,21:04:08
498,12155.0,0.0,12155.0,12160.0,0.0,0.0,47.0,125.0,2.0,-3.0,0.0,-0.0,0.0,21:04:09
499,12160.0,100.0,12155.0,12160.0,0.0,0.0,47.0,77.0,0.0,-48.0,100.0,-0.0,100.0,21:04:09
500,12160.0,18.0,12155.0,12160.0,0.0,0.0,66.0,66.0,19.0,-11.0,18.0,-0.0,18.0,21:04:10
501,12160.0,70.0,12155.0,12160.0,0.0,0.0,69.0,31.0,3.0,-35.0,70.0,-0.0,70.0,21:04:10
502,12160.0,64.0,12160.0,12165.0,1.0,1.0,29.0,129.0,0.0,0.0,64.0,0.0,64.0,21:04:11
503,12160.0,14.0,12160.0,12165.0,0.0,0.0,49.0,136.0,20.0,7.0,0.0,14.0,-14.0,21:04:11
504,12165.0,2.0,12160.0,12165.0,0.0,0.0,50.0,135.0,1.0,-1.0,2.0,-0.0,2.0,21:04:12
505,12165.0,4.0,12160.0,12165.0,0.0,0.0,52.0,136.0,2.0,1.0,4.0,-0.0,4.0,21:04:12
506,12160.0,2.0,12160.0,12165.0,0.0,0.0,52.0,136.0,0.0,0.0,0.0,2.0,-2.0,21:04:13
507,12160.0,16.0,12160.0,12165.0,0.0,0.0,45.0,136.0,-7.0,0.0,0.0,16.0,-16.0,21:04:13
508,12165.0,4.0,12160.0,12165.0,0.0,0.0,45.0,137.0,0.0,1.0,2.0,2.0,0.0,21:04:14
509,12165.0,0.0,12160.0,12165.0,0.0,0.0,43.0,137.0,-2.0,0.0,0.0,-0.0,0.0,21:04:14
510,12160.0,42.0,12160.0,12165.0,0.0,0.0,22.0,137.0,-21.0,0.0,0.0,42.0,-42.0,21:04:15
511,12160.0,46.0,12155.0,12160.0,-1.0,-1.0,73.0,11.0,0.0,0.0,0.0,46.0,-46.0,21:04:15
512,12160.0,2.0,12155.0,12160.0,0.0,0.0,75.0,55.0,2.0,44.0,2.0,-0.0,2.0,21:04:16
513,12155.0,106.0,12155.0,12160.0,0.0,0.0,24.0,80.0,-51.0,25.0,4.0,102.0,-98.0,21:04:16
514,12160.0,34.0,12150.0,12160.0,-1.0,0.0,165.0,76.0,0.0,-4.0,8.0,26.0,-18.0,21:04:17
515,12160.0,12.0,12155.0,12160.0,1.0,0.0,4.0,85.0,0.0,9.0,8.0,4.0,4.0,21:04:17
516,12160.0,4.0,12155.0,12160.0,0.0,0.0,22.0,86.0,18.0,1.0,4.0,-0.0,4.0,21:04:18
517,12160.0,4.0,12155.0,12160.0,0.0,0.0,22.0,110.0,0.0,24.0,4.0,-0.0,4.0,21:04:18
518,12155.0,20.0,12155.0,12160.0,0.0,0.0,25.0,110.0,3.0,0.0,2.0,18.0,-16.0,21:04:19
519,12155.0,2.0,12155.0,12160.0,0.0,0.0,10.0,113.0,-15.0,3.0,0.0,2.0,-2.0,21:04:19
520,12155.0,8.0,12155.0,12160.0,0.0,0.0,9.0,111.0,-1.0,-2.0,2.0,6.0,-4.0,21:04:20
521,12160.0,4.0,12155.0,12160.0,0.0,0.0,9.0,113.0,0.0,2.0,4.0,-0.0,4.0,21:04:20
522,12160.0,0.0,12155.0,12160.0,0.0,0.0,11.0,114.0,2.0,1.0,0.0,-0.0,0.0,21:04:21
523,12155.0,4.0,12155.0,12160.0,0.0,0.0,22.0,115.0,11.0,1.0,0.0,4.0,-4.0,21:04:21
524,12155.0,0.0,12155.0,12160.0,0.0,0.0,29.0,116.0,7.0,1.0,0.0,-0.0,0.0,21:04:22
525,12155.0,2.0,12155.0,12160.0,0.0,0.0,35.0,116.0,6.0,0.0,0.0,2.0,-2.0,21:04:22
526,12160.0,10.0,12155.0,12160.0,0.0,0.0,36.0,112.0,1.0,-4.0,10.0,-0.0,10.0,21:04:23
527,12160.0,0.0,12155.0,12160.0,0.0,0.0,39.0,113.0,3.0,1.0,0.0,-0.0,0.0,21:04:23
528,12160.0,2.0,12155.0,12160.0,0.0,0.0,39.0,113.0,0.0,0.0,2.0,-0.0,2.0,21:04:24
529,12155.0,60.0,12155.0,12160.0,0.0,0.0,12.0,112.0,-27.0,-1.0,0.0,60.0,-60.0,21:04:24
530,12155.0,16.0,12155.0,12160.0,0.0,0.0,4.0,130.0,-8.0,18.0,0.0,16.0,-16.0,21:04:25
531,12155.0,12.0,12150.0,12155.0,-1.0,-1.0,170.0,13.0,0.0,0.0,0.0,12.0,-12.0,21:04:25
532,12155.0,2.0,12150.0,12155.0,0.0,0.0,169.0,35.0,-1.0,22.0,2.0,-0.0,2.0,21:04:26
533,12155.0,14.0,12150.0,12155.0,0.0,0.0,169.0,49.0,0.0,14.0,14.0,-0.0,14.0,21:04:26
534,12155.0,2.0,12150.0,12155.0,0.0,0.0,169.0,54.0,0.0,5.0,2.0,-0.0,2.0,21:04:27
535,12150.0,2.0,12150.0,12155.0,0.0,0.0,169.0,58.0,0.0,4.0,0.0,2.0,-2.0,21:04:27
536,12155.0,2.0,12150.0,12155.0,0.0,0.0,169.0,60.0,0.0,2.0,2.0,-0.0,2.0,21:04:28
537,12155.0,16.0,12150.0,12155.0,0.0,0.0,167.0,59.0,-2.0,-1.0,10.0,6.0,4.0,21:04:28
538,12155.0,2.0,12150.0,12155.0,0.0,0.0,167.0,60.0,0.0,1.0,2.0,-0.0,2.0,21:04:29
539,12155.0,0.0,12150.0,12155.0,0.0,0.0,166.0,60.0,-1.0,0.0,0.0,-0.0,0.0,21:04:29
540,12150.0,22.0,12150.0,12155.0,0.0,0.0,156.0,60.0,-10.0,0.0,2.0,20.0,-18.0,21:04:30
541,12150.0,0.0,12150.0,12155.0,0.0,0.0,157.0,61.0,1.0,1.0,0.0,-0.0,0.0,21:04:30
542,12155.0,100.0,12150.0,12155.0,0.0,0.0,156.0,12.0,-1.0,-49.0,100.0,-0.0,100.0,21:04:31
543,12155.0,24.0,12155.0,12160.0,1.0,1.0,5.0,120.0,0.0,0.0,24.0,0.0,24.0,21:04:31
544,12155.0,16.0,12150.0,12155.0,-1.0,-1.0,156.0,61.0,0.0,0.0,0.0,16.0,-16.0,21:04:32
545,12155.0,54.0,12150.0,12155.0,0.0,0.0,159.0,44.0,3.0,-17.0,54.0,-0.0,54.0,21:04:32
546,12155.0,4.0,12150.0,12155.0,0.0,0.0,156.0,34.0,-3.0,-10.0,4.0,-0.0,4.0,21:04:33
547,12155.0,0.0,12150.0,12155.0,0.0,0.0,156.0,34.0,0.0,0.0,0.0,-0.0,0.0,21:04:33
548,12155.0,10.0,12150.0,12155.0,0.0,0.0,156.0,30.0,0.0,-4.0,10.0,-0.0,10.0,21:04:34
549,12155.0,2.0,12150.0,12155.0,0.0,0.0,156.0,42.0,0.0,12.0,2.0,-0.0,2.0,21:04:34
550,12155.0,2.0,12150.0,12155.0,0.0,0.0,156.0,48.0,0.0,6.0,2.0,-0.0,2.0,21:04:35
551,12155.0,0.0,12150.0,12155.0,0.0,0.0,158.0,57.0,2.0,9.0,0.0,-0.0,0.0,21:04:35
552,12155.0,0.0,12150.0,12155.0,0.0,0.0,158.0,63.0,0.0,6.0,0.0,-0.0,0.0,21:04:36
553,12155.0,0.0,12150.0,12155.0,0.0,0.0,160.0,63.0,2.0,0.0,0.0,-0.0,0.0,21:04:36
554,12155.0,102.0,12150.0,12155.0,0.0,0.0,114.0,66.0,-46.0,3.0,2.0,100.0,-98.0,21:04:37
555,12155.0,4.0,12150.0,12155.0,0.0,0.0,115.0,73.0,1.0,7.0,4.0,-0.0,4.0,21:04:37
556,12155.0,0.0,12150.0,12155.0,0.0,0.0,117.0,79.0,2.0,6.0,0.0,-0.0,0.0,21:04:38
557,12155.0,20.0,12150.0,12155.0,0.0,0.0,116.0,71.0,-1.0,-8.0,18.0,2.0,16.0,21:04:38
558,12155.0,0.0,12150.0,12155.0,0.0,0.0,118.0,71.0,2.0,0.0,0.0,-0.0,0.0,21:04:39
559,12150.0,2.0,12150.0,12155.0,0.0,0.0,117.0,71.0,-1.0,0.0,0.0,2.0,-2.0,21:04:39
560,12150.0,0.0,12150.0,12155.0,0.0,0.0,118.0,63.0,1.0,-8.0,0.0,-0.0,0.0,21:04:40
561,12150.0,0.0,12150.0,12155.0,0.0,0.0,117.0,63.0,-1.0,0.0,0.0,-0.0,0.0,21:04:40
562,12155.0,4.0,12150.0,12155.0,0.0,0.0,119.0,62.0,2.0,-1.0,4.0,-0.0,4.0,21:04:41
563,12155.0,0.0,12150.0,12155.0,0.0,0.0,119.0,62.0,0.0,0.0,0.0,-0.0,0.0,21:04:41
564,12155.0,28.0,12150.0,12155.0,0.0,0.0,119.0,48.0,0.0,-14.0,28.0,-0.0,28.0,21:04:42
565,12155.0,0.0,12150.0,12155.0,0.0,0.0,121.0,48.0,2.0,0.0,0.0,-0.0,0.0,21:04:42
566,12150.0,2.0,12150.0,12155.0,0.0,0.0,120.0,48.0,-1.0,0.0,0.0,2.0,-2.0,21:04:43
567,12155.0,98.0,12155.0,12160.0,1.0,1.0,52.0,125.0,0.0,0.0,98.0,0.0,98.0,21:04:43
568,12155.0,18.0,12155.0,12160.0,0.0,0.0,50.0,125.0,-2.0,0.0,0.0,18.0,-18.0,21:04:44
569,12155.0,0.0,12155.0,12160.0,0.0,0.0,54.0,125.0,4.0,0.0,0.0,-0.0,0.0,21:04:44
570,12155.0,8.0,12155.0,12160.0,0.0,0.0,50.0,126.0,-4.0,1.0,0.0,8.0,-8.0,21:04:45
571,12155.0,0.0,12155.0,12160.0,0.0,0.0,50.0,125.0,0.0,-1.0,0.0,-0.0,0.0,21:04:45
572,12155.0,0.0,12155.0,12160.0,0.0,0.0,50.0,126.0,0.0,1.0,0.0,-0.0,0.0,21:04:46
573,12155.0,0.0,12155.0,12160.0,0.0,0.0,50.0,126.0,0.0,0.0,0.0,-0.0,0.0,21:04:46
574,12155.0,28.0,12155.0,12160.0,0.0,0.0,49.0,114.0,-1.0,-12.0,24.0,4.0,20.0,21:04:47
575,12155.0,0.0,12155.0,12160.0,0.0,0.0,50.0,114.0,1.0,0.0,0.0,-0.0,0.0,21:04:47
576,12155.0,2.0,12155.0,12160.0,0.0,0.0,50.0,114.0,0.0,0.0,0.0,2.0,-2.0,21:04:48
577,12155.0,10.0,12155.0,12160.0,0.0,0.0,45.0,114.0,-5.0,0.0,0.0,10.0,-10.0,21:04:48
578,12160.0,2.0,12155.0,12160.0,0.0,0.0,45.0,114.0,0.0,0.0,2.0,-0.0,2.0,21:04:49
579,12160.0,0.0,12155.0,12160.0,0.0,0.0,45.0,116.0,0.0,2.0,0.0,-0.0,0.0,21:04:49
580,12160.0,0.0,12155.0,12160.0,0.0,0.0,50.0,116.0,5.0,0.0,0.0,-0.0,0.0,21:04:50
581,12155.0,2.0,12155.0,12160.0,0.0,0.0,49.0,116.0,-1.0,0.0,0.0,2.0,-2.0,21:04:50
582,12160.0,10.0,12155.0,12160.0,0.0,0.0,49.0,134.0,0.0,18.0,10.0,-0.0,10.0,21:04:51
583,12155.0,10.0,12155.0,12160.0,0.0,0.0,45.0,135.0,-4.0,1.0,0.0,10.0,-10.0,21:04:51
584,12155.0,4.0,12155.0,12160.0,0.0,0.0,43.0,134.0,-2.0,-1.0,0.0,4.0,-4.0,21:04:52
585,12155.0,36.0,12155.0,12160.0,0.0,0.0,42.0,118.0,-1.0,-16.0,34.0,2.0,32.0,21:04:52
586,12155.0,0.0,12155.0,12160.0,0.0,0.0,46.0,120.0,4.0,2.0,0.0,-0.0,0.0,21:04:53
587,12155.0,4.0,12155.0,12160.0,0.0,0.0,44.0,120.0,-2.0,0.0,0.0,4.0,-4.0,21:04:53
588,12160.0,250.0,12155.0,12160.0,0.0,0.0,22.0,27.0,-22.0,-93.0,206.0,44.0,162.0,21:04:54
589,12160.0,0.0,12155.0,12160.0,0.0,0.0,68.0,36.0,46.0,9.0,0.0,-0.0,0.0,21:04:54
590,12155.0,110.0,12155.0,12160.0,0.0,0.0,67.0,6.0,-1.0,-30.0,100.0,10.0,90.0,21:04:55
591,12160.0,22.0,12160.0,12165.0,1.0,1.0,3.0,152.0,0.0,0.0,22.0,0.0,22.0,21:04:55
592,12160.0,10.0,12155.0,12160.0,-1.0,-1.0,68.0,14.0,0.0,0.0,0.0,10.0,-10.0,21:04:56
593,12160.0,34.0,12155.0,12160.0,0.0,0.0,62.0,16.0,-6.0,2.0,22.0,12.0,10.0,21:04:56
594,12155.0,2.0,12155.0,12160.0,0.0,0.0,60.0,18.0,-2.0,2.0,0.0,2.0,-2.0,21:04:57
595,12155.0,0.0,12155.0,12160.0,0.0,0.0,70.0,27.0,10.0,9.0,0.0,-0.0,0.0,21:04:57
596,12160.0,42.0,12155.0,12160.0,0.0,0.0,70.0,15.0,0.0,-12.0,42.0,-0.0,42.0,21:04:58
597,12155.0,2.0,12155.0,12160.0,0.0,0.0,70.0,15.0,0.0,0.0,0.0,2.0,-2.0,21:04:58
598,12160.0,2.0,12155.0,12160.0,0.0,0.0,71.0,31.0,1.0,16.0,2.0,-0.0,2.0,21:04:59
599,12160.0,6.0,12155.0,12160.0,0.0,0.0,72.0,30.0,1.0,-1.0,6.0,-0.0,6.0,21:04:59
600,12160.0,2.0,12155.0,12160.0,0.0,0.0,73.0,29.0,1.0,-1.0,2.0,-0.0,2.0,21:05:00
601,12160.0,20.0,12155.0,12160.0,0.0,0.0,76.0,22.0,3.0,-7.0,14.0,6.0,8.0,21:05:00
602,12160.0,120.0,12160.0,12165.0,1.0,1.0,6.0,124.0,0.0,0.0,120.0,0.0,120.0,21:05:01
603,12160.0,0.0,12160.0,12165.0,0.0,0.0,14.0,124.0,8.0,0.0,0.0,-0.0,0.0,21:05:01
604,12160.0,100.0,12155.0,12160.0,-1.0,-1.0,69.0,32.0,0.0,0.0,0.0,100.0,-100.0,21:05:02
605,12160.0,46.0,12155.0,12160.0,0.0,0.0,56.0,37.0,-13.0,5.0,20.0,26.0,-6.0,21:05:02
606,12160.0,42.0,12155.0,12160.0,0.0,0.0,58.0,29.0,2.0,-8.0,42.0,-0.0,42.0,21:05:03
607,12155.0,8.0,12155.0,12160.0,0.0,0.0,57.0,22.0,-1.0,-7.0,6.0,2.0,4.0,21:05:03
608,12160.0,6.0,12155.0,12160.0,0.0,0.0,57.0,23.0,0.0,1.0,6.0,-0.0,6.0,21:05:04
609,12160.0,18.0,12155.0,12160.0,0.0,0.0,69.0,20.0,12.0,-3.0,16.0,2.0,14.0,21:05:04
610,12160.0,2.0,12155.0,12160.0,0.0,0.0,69.0,32.0,0.0,12.0,2.0,-0.0,2.0,21:05:05
611,12160.0,2.0,12155.0,12160.0,0.0,0.0,69.0,42.0,0.0,10.0,2.0,-0.0,2.0,21:05:05
612,12160.0,0.0,12155.0,12160.0,0.0,0.0,69.0,68.0,0.0,26.0,0.0,-0.0,0.0,21:05:06
613,12160.0,4.0,12155.0,12160.0,0.0,0.0,67.0,78.0,-2.0,10.0,4.0,-0.0,4.0,21:05:06
614,12160.0,0.0,12155.0,12160.0,0.0,0.0,67.0,84.0,0.0,6.0,0.0,-0.0,0.0,21:05:07
615,12160.0,6.0,12155.0,12160.0,0.0,0.0,69.0,81.0,2.0,-3.0,6.0,-0.0,6.0,21:05:07
616,12160.0,0.0,12155.0,12160.0,0.0,0.0,70.0,81.0,1.0,0.0,0.0,-0.0,0.0,21:05:08
617,12160.0,0.0,12155.0,12160.0,0.0,0.0,71.0,81.0,1.0,0.0,0.0,-0.0,0.0,21:05:08
618,12160.0,4.0,12155.0,12160.0,0.0,0.0,74.0,54.0,3.0,-27.0,4.0,-0.0,4.0,21:05:09
619,12160.0,6.0,12155.0,12160.0,0.0,0.0,73.0,52.0,-1.0,-2.0,4.0,2.0,2.0,21:05:09
620,12160.0,4.0,12155.0,12160.0,0.0,0.0,78.0,47.0,5.0,-5.0,2.0,2.0,0.0,21:05:10
621,12160.0,0.0,12155.0,12160.0,0.0,0.0,79.0,48.0,1.0,1.0,0.0,-0.0,0.0,21:05:10
622,12155.0,4.0,12155.0,12160.0,0.0,0.0,77.0,50.0,-2.0,2.0,0.0,4.0,-4.0,21:05:11
623,12155.0,4.0,12155.0,12160.0,0.0,0.0,81.0,59.0,4.0,9.0,0.0,4.0,-4.0,21:05:11
624,12155.0,6.0,12155.0,12160.0,0.0,0.0,80.0,63.0,-1.0,4.0,4.0,2.0,2.0,21:05:12
625,12155.0,0.0,12155.0,12160.0,0.0,0.0,75.0,63.0,-5.0,0.0,0.0,-0.0,0.0,21:05:12
626,12160.0,2.0,12155.0,12160.0,0.0,0.0,75.0,65.0,0.0,2.0,2.0,-0.0,2.0,21:05:13
627,12160.0,0.0,12155.0,12160.0,0.0,0.0,77.0,68.0,2.0,3.0,0.0,-0.0,0.0,21:05:13
628,12160.0,0.0,12155.0,12160.0,0.0,0.0,79.0,69.0,2.0,1.0,0.0,-0.0,0.0,21:05:14
629,12160.0,0.0,12155.0,12160.0,0.0,0.0,79.0,69.0,0.0,0.0,0.0,-0.0,0.0,21:05:14
630,12160.0,20.0,12155.0,12160.0,0.0,0.0,79.0,61.0,0.0,-8.0,20.0,-0.0,20.0,21:05:15
631,12160.0,0.0,12155.0,12160.0,0.0,0.0,79.0,61.0,0.0,0.0,0.0,-0.0,0.0,21:05:15
632,12160.0,0.0,12155.0,12160.0,0.0,0.0,79.0,67.0,0.0,6.0,0.0,-0.0,0.0,21:05:16
633,12160.0,0.0,12155.0,12160.0,0.0,0.0,79.0,67.0,0.0,0.0,0.0,-0.0,0.0,21:05:16
634,12160.0,0.0,12155.0,12160.0,0.0,0.0,80.0,69.0,1.0,2.0,0.0,-0.0,0.0,21:05:17
635,12160.0,4.0,12155.0,12160.0,0.0,0.0,80.0,68.0,0.0,-1.0,4.0,-0.0,4.0,21:05:17
636,12160.0,4.0,12155.0,12160.0,0.0,0.0,80.0,81.0,0.0,13.0,4.0,-0.0,4.0,21:05:18
637,12160.0,0.0,12155.0,12160.0,0.0,0.0,82.0,82.0,2.0,1.0,0.0,-0.0,0.0,21:05:18
638,12160.0,2.0,12155.0,12160.0,0.0,0.0,82.0,82.0,0.0,0.0,2.0,-0.0,2.0,21:05:19
639,12160.0,0.0,12155.0,12160.0,0.0,0.0,82.0,84.0,0.0,2.0,0.0,-0.0,0.0,21:05:19
640,12160.0,0.0,12155.0,12160.0,0.0,0.0,82.0,84.0,0.0,0.0,0.0,-0.0,0.0,21:05:20
641,12160.0,0.0,12155.0,12160.0,0.0,0.0,83.0,84.0,1.0,0.0,0.0,-0.0,0.0,21:05:20
642,12160.0,2.0,12155.0,12160.0,0.0,0.0,83.0,85.0,0.0,1.0,2.0,-0.0,2.0,21:05:21
643,12160.0,40.0,12155.0,12160.0,0.0,0.0,83.0,65.0,0.0,-20.0,40.0,-0.0,40.0,21:05:21
644,12155.0,58.0,12155.0,12160.0,0.0,0.0,82.0,39.0,-1.0,-26.0,56.0,2.0,54.0,21:05:22
645,12160.0,8.0,12155.0,12160.0,0.0,0.0,82.0,41.0,0.0,2.0,8.0,-0.0,8.0,21:05:22
646,12160.0,86.0,12160.0,12165.0,1.0,1.0,1.0,123.0,0.0,0.0,86.0,0.0,86.0,21:05:23
647,12160.0,0.0,12160.0,12165.0,0.0,0.0,30.0,129.0,29.0,6.0,0.0,-0.0,0.0,21:05:23
648,12160.0,2.0,12160.0,12165.0,0.0,0.0,89.0,127.0,59.0,-2.0,0.0,2.0,-2.0,21:05:24
649,12165.0,90.0,12160.0,12165.0,0.0,0.0,94.0,84.0,5.0,-43.0,86.0,4.0,82.0,21:05:24
650,12165.0,174.0,12165.0,12170.0,1.0,1.0,109.0,86.0,0.0,0.0,174.0,0.0,174.0,21:05:25
651,12165.0,12.0,12165.0,12170.0,0.0,0.0,110.0,78.0,1.0,-8.0,4.0,8.0,-4.0,21:05:25
652,12165.0,36.0,12165.0,12170.0,0.0,0.0,110.0,66.0,0.0,-12.0,28.0,8.0,20.0,21:05:26
653,12165.0,6.0,12165.0,12170.0,0.0,0.0,85.0,64.0,-25.0,-2.0,4.0,2.0,2.0,21:05:26
654,12165.0,36.0,12165.0,12170.0,0.0,0.0,13.0,65.0,-72.0,1.0,2.0,34.0,-32.0,21:05:27
655,12165.0,96.0,12160.0,12165.0,-1.0,-1.0,76.0,11.0,0.0,0.0,0.0,96.0,-96.0,21:05:27
656,12165.0,16.0,12160.0,12165.0,0.0,0.0,76.0,6.0,0.0,-5.0,16.0,-0.0,16.0,21:05:28
657,12165.0,8.0,12160.0,12165.0,0.0,0.0,76.0,10.0,0.0,4.0,8.0,-0.0,8.0,21:05:28
658,12165.0,0.0,12160.0,12165.0,0.0,0.0,76.0,16.0,0.0,6.0,0.0,-0.0,0.0,21:05:29
659,12165.0,40.0,12160.0,12165.0,0.0,0.0,76.0,1.0,0.0,-15.0,40.0,-0.0,40.0,21:05:29
660,12165.0,4.0,12165.0,12170.0,1.0,1.0,12.0,42.0,0.0,0.0,4.0,0.0,4.0,21:05:30
661,12170.0,6.0,12165.0,12170.0,0.0,0.0,14.0,45.0,2.0,3.0,2.0,4.0,-2.0,21:05:30
662,12170.0,46.0,12165.0,12170.0,0.0,0.0,18.0,29.0,4.0,-16.0,38.0,8.0,30.0,21:05:31
663,12170.0,8.0,12165.0,12170.0,0.0,0.0,26.0,28.0,8.0,-1.0,8.0,-0.0,8.0,21:05:31
664,12165.0,8.0,12165.0,12170.0,0.0,0.0,32.0,29.0,6.0,1.0,2.0,6.0,-4.0,21:05:32
665,12170.0,12.0,12165.0,12170.0,0.0,0.0,34.0,36.0,2.0,7.0,6.0,6.0,0.0,21:05:32
666,12170.0,0.0,12165.0,12170.0,0.0,0.0,34.0,41.0,0.0,5.0,0.0,-0.0,0.0,21:05:33
667,12170.0,16.0,12165.0,12170.0,0.0,0.0,34.0,37.0,0.0,-4.0,14.0,2.0,12.0,21:05:33
668,12170.0,4.0,12165.0,12170.0,0.0,0.0,35.0,42.0,1.0,5.0,4.0,-0.0,4.0,21:05:34
669,12165.0,12.0,12165.0,12170.0,0.0,0.0,30.0,76.0,-5.0,34.0,0.0,12.0,-12.0,21:05:34
670,12165.0,2.0,12165.0,12170.0,0.0,0.0,27.0,79.0,-3.0,3.0,0.0,2.0,-2.0,21:05:35
671,12165.0,6.0,12165.0,12170.0,0.0,0.0,25.0,81.0,-2.0,2.0,2.0,4.0,-2.0,21:05:35
672,12165.0,16.0,12165.0,12170.0,0.0,0.0,22.0,78.0,-3.0,-3.0,6.0,10.0,-4.0,21:05:36
673,12165.0,10.0,12165.0,12170.0,0.0,0.0,19.0,77.0,-3.0,-1.0,2.0,8.0,-6.0,21:05:36
674,12165.0,16.0,12165.0,12170.0,0.0,0.0,19.0,74.0,0.0,-3.0,12.0,4.0,8.0,21:05:37
675,12170.0,38.0,12165.0,12170.0,0.0,0.0,25.0,65.0,6.0,-9.0,38.0,-0.0,38.0,21:05:37
676,12170.0,46.0,12165.0,12170.0,0.0,0.0,32.0,42.0,7.0,-23.0,46.0,-0.0,46.0,21:05:38
677,12165.0,2.0,12165.0,12170.0,0.0,0.0,45.0,44.0,13.0,2.0,0.0,2.0,-2.0,21:05:38
678,12170.0,4.0,12165.0,12170.0,0.0,0.0,55.0,44.0,10.0,0.0,4.0,-0.0,4.0,21:05:39
679,12165.0,4.0,12165.0,12170.0,0.0,0.0,54.0,43.0,-1.0,-1.0,2.0,2.0,0.0,21:05:39
680,12170.0,6.0,12165.0,12170.0,0.0,0.0,63.0,41.0,9.0,-2.0,6.0,-0.0,6.0,21:05:40
681,12170.0,6.0,12165.0,12170.0,0.0,0.0,65.0,39.0,2.0,-2.0,4.0,2.0,2.0,21:05:40
682,12170.0,2.0,12165.0,12170.0,0.0,0.0,67.0,38.0,2.0,-1.0,2.0,-0.0,2.0,21:05:41
683,12170.0,2.0,12165.0,12170.0,0.0,0.0,75.0,40.0,8.0,2.0,2.0,-0.0,2.0,21:05:41
684,12170.0,2.0,12165.0,12170.0,0.0,0.0,78.0,41.0,3.0,1.0,2.0,-0.0,2.0,21:05:42
685,12170.0,10.0,12165.0,12170.0,0.0,0.0,78.0,37.0,0.0,-4.0,10.0,-0.0,10.0,21:05:42
686,12170.0,52.0,12165.0,12170.0,0.0,0.0,78.0,14.0,0.0,-23.0,52.0,-0.0,52.0,21:05:43
687,12170.0,8.0,12165.0,12170.0,0.0,0.0,78.0,13.0,0.0,-1.0,8.0,-0.0,8.0,21:05:43
688,12170.0,10.0,12165.0,12170.0,0.0,0.0,79.0,12.0,1.0,-1.0,10.0,-0.0,10.0,21:05:44
689,12170.0,22.0,12165.0,12170.0,0.0,0.0,83.0,11.0,4.0,-1.0,22.0,-0.0,22.0,21:05:44
690,12170.0,38.0,12170.0,12175.0,1.0,1.0,1.0,59.0,0.0,0.0,38.0,0.0,38.0,21:05:45
691,12170.0,28.0,12170.0,12175.0,0.0,0.0,12.0,64.0,11.0,5.0,10.0,18.0,-8.0,21:05:45
692,12170.0,12.0,12170.0,12175.0,0.0,0.0,16.0,70.0,4.0,6.0,8.0,4.0,4.0,21:05:46
693,12170.0,48.0,12165.0,12170.0,-1.0,-1.0,79.0,10.0,0.0,0.0,0.0,48.0,-48.0,21:05:46
694,12170.0,4.0,12165.0,12170.0,0.0,0.0,82.0,13.0,3.0,3.0,4.0,-0.0,4.0,21:05:47
695,12170.0,18.0,12165.0,12170.0,0.0,0.0,82.0,39.0,0.0,26.0,18.0,-0.0,18.0,21:05:47
696,12165.0,2.0,12165.0,12170.0,0.0,0.0,83.0,80.0,1.0,41.0,0.0,2.0,-2.0,21:05:48
697,12165.0,0.0,12165.0,12170.0,0.0,0.0,83.0,84.0,0.0,4.0,0.0,-0.0,0.0,21:05:48
698,12170.0,4.0,12165.0,12170.0,0.0,0.0,89.0,82.0,6.0,-2.0,4.0,-0.0,4.0,21:05:49
699,12170.0,60.0,12165.0,12170.0,0.0,0.0,68.0,81.0,-21.0,-1.0,8.0,52.0,-44.0,21:05:49
700,12170.0,24.0,12165.0,12170.0,0.0,0.0,67.0,79.0,-1.0,-2.0,24.0,-0.0,24.0,21:05:50
701,12165.0,4.0,12165.0,12170.0,0.0,0.0,68.0,79.0,1.0,0.0,2.0,2.0,0.0,21:05:50
702,12170.0,2.0,12165.0,12170.0,0.0,0.0,71.0,82.0,3.0,3.0,2.0,-0.0,2.0,21:05:51
703,12170.0,4.0,12165.0,12170.0,0.0,0.0,75.0,83.0,4.0,1.0,4.0,-0.0,4.0,21:05:51
704,12170.0,14.0,12165.0,12170.0,0.0,0.0,72.0,80.0,-3.0,-3.0,6.0,8.0,-2.0,21:05:52
705,12170.0,0.0,12165.0,12170.0,0.0,0.0,72.0,80.0,0.0,0.0,0.0,-0.0,0.0,21:05:52
706,12165.0,2.0,12165.0,12170.0,0.0,0.0,70.0,86.0,-2.0,6.0,0.0,2.0,-2.0,21:05:53
707,12165.0,0.0,12165.0,12170.0,0.0,0.0,71.0,87.0,1.0,1.0,0.0,-0.0,0.0,21:05:53
708,12165.0,2.0,12165.0,12170.0,0.0,0.0,70.0,90.0,-1.0,3.0,0.0,2.0,-2.0,21:05:54
709,12165.0,0.0,12165.0,12170.0,0.0,0.0,70.0,92.0,0.0,2.0,0.0,-0.0,0.0,21:05:54
710,12170.0,60.0,12165.0,12170.0,0.0,0.0,70.0,62.0,0.0,-30.0,60.0,-0.0,60.0,21:05:55
711,12170.0,12.0,12165.0,12170.0,0.0,0.0,66.0,61.0,-4.0,-1.0,2.0,10.0,-8.0,21:05:55
712,12170.0,4.0,12165.0,12170.0,0.0,0.0,66.0,60.0,0.0,-1.0,4.0,-0.0,4.0,21:05:56
713,12170.0,10.0,12165.0,12170.0,0.0,0.0,65.0,60.0,-1.0,0.0,10.0,-0.0,10.0,21:05:56
714,12165.0,6.0,12165.0,12170.0,0.0,0.0,63.0,61.0,-2.0,1.0,0.0,6.0,-6.0,21:05:57
715,12170.0,6.0,12165.0,12170.0,0.0,0.0,58.0,60.0,-5.0,-1.0,6.0,-0.0,6.0,21:05:57
716,12170.0,0.0,12165.0,12170.0,0.0,0.0,60.0,60.0,2.0,0.0,0.0,-0.0,0.0,21:05:58
717,12170.0,0.0,12165.0,12170.0,0.0,0.0,61.0,85.0,1.0,25.0,0.0,-0.0,0.0,21:05:58
718,12165.0,20.0,12165.0,12170.0,0.0,0.0,54.0,85.0,-7.0,0.0,6.0,14.0,-8.0,21:05:59
719,12165.0,92.0,12165.0,12170.0,0.0,0.0,11.0,84.0,-43.0,-1.0,2.0,90.0,-88.0,21:05:59
720,12165.0,28.0,12160.0,12165.0,-1.0,-1.0,107.0,203.0,0.0,0.0,0.0,28.0,-28.0,21:06:00
721,12160.0,2.0,12160.0,12165.0,0.0,0.0,104.0,191.0,-3.0,-12.0,0.0,2.0,-2.0,21:06:00
722,12165.0,42.0,12160.0,12165.0,0.0,0.0,98.0,171.0,-6.0,-20.0,30.0,12.0,18.0,21:06:01
723,12165.0,0.0,12160.0,12165.0,0.0,0.0,106.0,170.0,8.0,-1.0,0.0,-0.0,0.0,21:06:01
724,12165.0,0.0,12160.0,12165.0,0.0,0.0,110.0,171.0,4.0,1.0,0.0,-0.0,0.0,21:06:02
725,12160.0,248.0,12155.0,12160.0,-1.0,-1.0,52.0,19.0,0.0,0.0,0.0,248.0,-248.0,21:06:02
726,12160.0,16.0,12155.0,12160.0,0.0,0.0,55.0,20.0,3.0,1.0,16.0,-0.0,16.0,21:06:03
727,12165.0,62.0,12160.0,12165.0,1.0,1.0,3.0,150.0,0.0,0.0,62.0,0.0,62.0,21:06:03
728,12160.0,40.0,12160.0,12165.0,0.0,0.0,7.0,155.0,4.0,5.0,4.0,36.0,-32.0,21:06:04
729,12165.0,14.0,12160.0,12165.0,0.0,0.0,2.0,153.0,-5.0,-2.0,4.0,10.0,-6.0,21:06:04
730,12160.0,6.0,12155.0,12160.0,-1.0,-1.0,83.0,11.0,0.0,0.0,0.0,6.0,-6.0,21:06:05
731,12165.0,30.0,12155.0,12160.0,0.0,0.0,84.0,2.0,1.0,-9.0,30.0,0.0,30.0,21:06:05
732,12160.0,6.0,12160.0,12165.0,1.0,1.0,7.0,153.0,0.0,0.0,6.0,0.0,6.0,21:06:06
733,12160.0,6.0,12160.0,12165.0,0.0,0.0,16.0,153.0,9.0,0.0,0.0,6.0,-6.0,21:06:06
734,12165.0,4.0,12160.0,12165.0,0.0,0.0,14.0,152.0,-2.0,-1.0,4.0,-0.0,4.0,21:06:07
735,12165.0,2.0,12160.0,12165.0,0.0,0.0,29.0,151.0,15.0,-1.0,2.0,-0.0,2.0,21:06:07
736,12160.0,2.0,12160.0,12165.0,0.0,0.0,40.0,141.0,11.0,-10.0,0.0,2.0,-2.0,21:06:08
737,12160.0,10.0,12160.0,12165.0,0.0,0.0,51.0,139.0,11.0,-2.0,0.0,10.0,-10.0,21:06:08
738,12160.0,2.0,12160.0,12165.0,0.0,0.0,51.0,139.0,0.0,0.0,0.0,2.0,-2.0,21:06:09
739,12160.0,0.0,12160.0,12165.0,0.0,0.0,53.0,139.0,2.0,0.0,0.0,-0.0,0.0,21:06:09
740,12160.0,2.0,12160.0,12165.0,0.0,0.0,52.0,138.0,-1.0,-1.0,0.0,2.0,-2.0,21:06:10
741,12160.0,32.0,12160.0,12165.0,0.0,0.0,36.0,140.0,-16.0,2.0,0.0,32.0,-32.0,21:06:10
742,12165.0,4.0,12160.0,12165.0,0.0,0.0,36.0,140.0,0.0,0.0,4.0,-0.0,4.0,21:06:11
743,12160.0,2.0,12160.0,12165.0,0.0,0.0,35.0,147.0,-1.0,7.0,0.0,2.0,-2.0,21:06:11
744,12160.0,0.0,12160.0,12165.0,0.0,0.0,37.0,146.0,2.0,-1.0,0.0,-0.0,0.0,21:06:12
745,12160.0,12.0,12160.0,12165.0,0.0,0.0,31.0,147.0,-6.0,1.0,0.0,12.0,-12.0,21:06:12
746,12165.0,6.0,12160.0,12165.0,0.0,0.0,31.0,147.0,0.0,0.0,4.0,2.0,2.0,21:06:13
747,12160.0,2.0,12160.0,12165.0,0.0,0.0,30.0,147.0,-1.0,0.0,0.0,2.0,-2.0,21:06:13
748,12160.0,2.0,12160.0,12165.0,0.0,0.0,29.0,147.0,-1.0,0.0,0.0,2.0,-2.0,21:06:14
749,12165.0,16.0,12160.0,12165.0,0.0,0.0,29.0,140.0,0.0,-7.0,16.0,-0.0,16.0,21:06:14
750,12160.0,2.0,12160.0,12165.0,0.0,0.0,30.0,140.0,1.0,0.0,0.0,2.0,-2.0,21:06:15
751,12165.0,2.0,12160.0,12165.0,0.0,0.0,30.0,139.0,0.0,-1.0,2.0,-0.0,2.0,21:06:15
752,12165.0,0.0,12160.0,12165.0,0.0,0.0,30.0,144.0,0.0,5.0,0.0,-0.0,0.0,21:06:16
753,12165.0,0.0,12160.0,12165.0,0.0,0.0,29.0,144.0,-1.0,0.0,0.0,-0.0,0.0,21:06:16
754,12165.0,0.0,12160.0,12165.0,0.0,0.0,34.0,144.0,5.0,0.0,0.0,-0.0,0.0,21:06:17
755,12165.0,0.0,12160.0,12165.0,0.0,0.0,34.0,144.0,0.0,0.0,0.0,-0.0,0.0,21:06:17
756,12165.0,2.0,12160.0,12165.0,0.0,0.0,34.0,143.0,0.0,-1.0,2.0,-0.0,2.0,21:06:18
757,12160.0,14.0,12160.0,12165.0,0.0,0.0,35.0,140.0,1.0,-3.0,6.0,8.0,-2.0,21:06:18
758,12160.0,2.0,12160.0,12165.0,0.0,0.0,62.0,141.0,27.0,1.0,0.0,2.0,-2.0,21:06:19
759,12160.0,22.0,12160.0,12165.0,0.0,0.0,72.0,132.0,10.0,-9.0,20.0,2.0,18.0,21:06:19
760,12165.0,6.0,12160.0,12165.0,0.0,0.0,76.0,126.0,4.0,-6.0,6.0,-0.0,6.0,21:06:20
761,12165.0,8.0,12160.0,12165.0,0.0,0.0,84.0,122.0,8.0,-4.0,8.0,-0.0,8.0,21:06:20
762,12165.0,4.0,12160.0,12165.0,0.0,0.0,94.0,120.0,10.0,-2.0,4.0,-0.0,4.0,21:06:21
763,12160.0,24.0,12160.0,12165.0,0.0,0.0,95.0,108.0,1.0,-12.0,22.0,2.0,20.0,21:06:21
764,12160.0,18.0,12160.0,12165.0,0.0,0.0,94.0,99.0,-1.0,-9.0,16.0,2.0,14.0,21:06:22
765,12165.0,10.0,12160.0,12165.0,0.0,0.0,91.0,94.0,-3.0,-5.0,10.0,-0.0,10.0,21:06:22
766,12160.0,2.0,12160.0,12165.0,0.0,0.0,93.0,94.0,2.0,0.0,0.0,2.0,-2.0,21:06:23
767,12160.0,30.0,12160.0,12165.0,0.0,0.0,90.0,85.0,-3.0,-9.0,18.0,12.0,6.0,21:06:23
768,12160.0,0.0,12160.0,12165.0,0.0,0.0,90.0,85.0,0.0,0.0,0.0,-0.0,0.0,21:06:24
769,12160.0,0.0,12160.0,12165.0,0.0,0.0,91.0,79.0,1.0,-6.0,0.0,-0.0,0.0,21:06:24
770,12160.0,2.0,12160.0,12165.0,0.0,0.0,92.0,79.0,1.0,0.0,0.0,2.0,-2.0,21:06:25
771,12165.0,6.0,12160.0,12165.0,0.0,0.0,92.0,77.0,0.0,-2.0,4.0,2.0,2.0,21:06:25
772,12160.0,2.0,12160.0,12165.0,0.0,0.0,91.0,77.0,-1.0,0.0,0.0,2.0,-2.0,21:06:26
773,12160.0,0.0,12160.0,12165.0,0.0,0.0,90.0,79.0,-1.0,2.0,0.0,-0.0,0.0,21:06:26
774,12165.0,2.0,12160.0,12165.0,0.0,0.0,91.0,80.0,1.0,1.0,2.0,-0.0,2.0,21:06:27
775,12165.0,0.0,12160.0,12165.0,0.0,0.0,91.0,87.0,0.0,7.0,0.0,-0.0,0.0,21:06:27
776,12160.0,2.0,12160.0,12165.0,0.0,0.0,90.0,86.0,-1.0,-1.0,0.0,2.0,-2.0,21:06:28
777,12160.0,0.0,12160.0,12165.0,0.0,0.0,90.0,88.0,0.0,2.0,0.0,-0.0,0.0,21:06:28
778,12165.0,6.0,12160.0,12165.0,0.0,0.0,90.0,87.0,0.0,-1.0,2.0,4.0,-2.0,21:06:29
779,12165.0,0.0,12160.0,12165.0,0.0,0.0,90.0,90.0,0.0,3.0,0.0,-0.0,0.0,21:06:29
780,12165.0,4.0,12160.0,12165.0,0.0,0.0,90.0,88.0,0.0,-2.0,4.0,-0.0,4.0,21:06:30
781,12165.0,2.0,12160.0,12165.0,0.0,0.0,96.0,99.0,6.0,11.0,2.0,-0.0,2.0,21:06:30
782,12160.0,8.0,12160.0,12165.0,0.0,0.0,92.0,98.0,-4.0,-1.0,0.0,8.0,-8.0,21:06:31
783,12160.0,4.0,12160.0,12165.0,0.0,0.0,91.0,97.0,-1.0,-1.0,0.0,4.0,-4.0,21:06:31
784,12165.0,2.0,12160.0,12165.0,0.0,0.0,92.0,96.0,1.0,-1.0,2.0,-0.0,2.0,21:06:32
785,12165.0,0.0,12160.0,12165.0,0.0,0.0,91.0,96.0,-1.0,0.0,0.0,-0.0,0.0,21:06:32
786,12165.0,10.0,12160.0,12165.0,0.0,0.0,91.0,91.0,0.0,-5.0,10.0,-0.0,10.0,21:06:33
787,12160.0,24.0,12160.0,12165.0,0.0,0.0,82.0,91.0,-9.0,0.0,0.0,24.0,-24.0,21:06:33
788,12160.0,0.0,12160.0,12165.0,0.0,0.0,82.0,91.0,0.0,0.0,0.0,-0.0,0.0,21:06:34
789,12160.0,4.0,12160.0,12165.0,0.0,0.0,80.0,91.0,-2.0,0.0,0.0,4.0,-4.0,21:06:34
790,12160.0,0.0,12160.0,12165.0,0.0,0.0,81.0,91.0,1.0,0.0,0.0,-0.0,0.0,21:06:35
791,12160.0,0.0,12160.0,12165.0,0.0,0.0,81.0,91.0,0.0,0.0,0.0,-0.0,0.0,21:06:35
792,12160.0,0.0,12160.0,12165.0,0.0,0.0,82.0,91.0,1.0,0.0,0.0,-0.0,0.0,21:06:36
793,12165.0,4.0,12160.0,12165.0,0.0,0.0,80.0,91.0,-2.0,0.0,2.0,2.0,0.0,21:06:36
794,12160.0,18.0,12160.0,12165.0,0.0,0.0,76.0,90.0,-4.0,-1.0,4.0,14.0,-10.0,21:06:37
795,12160.0,0.0,12160.0,12165.0,0.0,0.0,76.0,91.0,0.0,1.0,0.0,-0.0,0.0,21:06:37
796,12165.0,6.0,12160.0,12165.0,0.0,0.0,76.0,88.0,0.0,-3.0,6.0,-0.0,6.0,21:06:38
797,12165.0,0.0,12160.0,12165.0,0.0,0.0,76.0,89.0,0.0,1.0,0.0,-0.0,0.0,21:06:38
798,12160.0,4.0,12160.0,12165.0,0.0,0.0,76.0,89.0,0.0,0.0,0.0,4.0,-4.0,21:06:39
799,12160.0,2.0,12160.0,12165.0,0.0,0.0,75.0,89.0,-1.0,0.0,0.0,2.0,-2.0,21:06:39
800,12165.0,2.0,12160.0,12165.0,0.0,0.0,76.0,88.0,1.0,-1.0,2.0,-0.0,2.0,21:06:40
801,12165.0,0.0,12160.0,12165.0,0.0,0.0,76.0,88.0,0.0,0.0,0.0,-0.0,0.0,21:06:40
802,12165.0,0.0,12160.0,12165.0,0.0,0.0,77.0,88.0,1.0,0.0,0.0,-0.0,0.0,21:06:41
803,12165.0,0.0,12160.0,12165.0,0.0,0.0,78.0,88.0,1.0,0.0,0.0,-0.0,0.0,21:06:41
804,12165.0,10.0,12160.0,12165.0,0.0,0.0,74.0,89.0,-4.0,1.0,2.0,8.0,-6.0,21:06:42
805,12165.0,0.0,12160.0,12165.0,0.0,0.0,74.0,89.0,0.0,0.0,0.0,-0.0,0.0,21:06:42
806,12160.0,2.0,12160.0,12165.0,0.0,0.0,73.0,90.0,-1.0,1.0,0.0,2.0,-2.0,21:06:43
807,12165.0,2.0,12160.0,12165.0,0.0,0.0,72.0,90.0,-1.0,0.0,2.0,-0.0,2.0,21:06:43
808,12160.0,6.0,12160.0,12165.0,0.0,0.0,70.0,90.0,-2.0,0.0,2.0,4.0,-2.0,21:06:44
809,12160.0,0.0,12160.0,12165.0,0.0,0.0,70.0,90.0,0.0,0.0,0.0,-0.0,0.0,21:06:44
810,12165.0,2.0,12160.0,12165.0,0.0,0.0,69.0,89.0,-1.0,-1.0,2.0,-0.0,2.0,21:06:45
811,12165.0,2.0,12160.0,12165.0,0.0,0.0,70.0,88.0,1.0,-1.0,2.0,-0.0,2.0,21:06:45
812,12160.0,12.0,12160.0,12165.0,0.0,0.0,66.0,86.0,-4.0,-2.0,4.0,8.0,-4.0,21:06:46
813,12160.0,12.0,12160.0,12165.0,0.0,0.0,61.0,86.0,-5.0,0.0,0.0,12.0,-12.0,21:06:46
814,12160.0,24.0,12160.0,12165.0,0.0,0.0,49.0,86.0,-12.0,0.0,0.0,24.0,-24.0,21:06:47
815,12160.0,4.0,12160.0,12165.0,0.0,0.0,49.0,92.0,0.0,6.0,0.0,4.0,-4.0,21:06:47
816,12165.0,2.0,12160.0,12165.0,0.0,0.0,49.0,91.0,0.0,-1.0,2.0,-0.0,2.0,21:06:48
817,12160.0,4.0,12160.0,12165.0,0.0,0.0,51.0,91.0,2.0,0.0,0.0,4.0,-4.0,21:06:48
818,12160.0,2.0,12160.0,12165.0,0.0,0.0,53.0,94.0,2.0,3.0,0.0,2.0,-2.0,21:06:49
819,12160.0,92.0,12160.0,12165.0,0.0,0.0,7.0,94.0,-46.0,0.0,0.0,92.0,-92.0,21:06:49
820,12160.0,16.0,12155.0,12160.0,-1.0,-1.0,75.0,94.0,0.0,0.0,0.0,16.0,-16.0,21:06:50
821,12160.0,0.0,12155.0,12160.0,0.0,0.0,73.0,104.0,-2.0,10.0,0.0,-0.0,0.0,21:06:50
822,12160.0,0.0,12155.0,12160.0,0.0,0.0,73.0,109.0,0.0,5.0,0.0,-0.0,0.0,21:06:51
823,12160.0,26.0,12155.0,12160.0,0.0,0.0,73.0,106.0,0.0,-3.0,26.0,-0.0,26.0,21:06:51
824,12160.0,4.0,12155.0,12160.0,0.0,0.0,78.0,95.0,5.0,-11.0,4.0,-0.0,4.0,21:06:52
825,12155.0,4.0,12155.0,12160.0,0.0,0.0,76.0,95.0,-2.0,0.0,0.0,4.0,-4.0,21:06:52
826,12160.0,2.0,12155.0,12160.0,0.0,0.0,80.0,95.0,4.0,0.0,2.0,-0.0,2.0,21:06:53
827,12160.0,4.0,12155.0,12160.0,0.0,0.0,80.0,94.0,0.0,-1.0,2.0,2.0,0.0,21:06:53
828,12160.0,0.0,12155.0,12160.0,0.0,0.0,80.0,88.0,0.0,-6.0,0.0,-0.0,0.0,21:06:54
829,12160.0,2.0,12155.0,12160.0,0.0,0.0,81.0,87.0,1.0,-1.0,2.0,-0.0,2.0,21:06:54
830,12160.0,2.0,12155.0,12160.0,0.0,0.0,81.0,86.0,0.0,-1.0,2.0,-0.0,2.0,21:06:55
831,12155.0,2.0,12155.0,12160.0,0.0,0.0,80.0,86.0,-1.0,0.0,0.0,2.0,-2.0,21:06:55
832,12160.0,2.0,12155.0,12160.0,0.0,0.0,80.0,82.0,0.0,-4.0,2.0,-0.0,2.0,21:06:56
833,12160.0,0.0,12155.0,12160.0,0.0,0.0,80.0,95.0,0.0,13.0,0.0,-0.0,0.0,21:06:56
834,12160.0,0.0,12155.0,12160.0,0.0,0.0,80.0,96.0,0.0,1.0,0.0,-0.0,0.0,21:06:57
835,12160.0,0.0,12155.0,12160.0,0.0,0.0,80.0,96.0,0.0,0.0,0.0,-0.0,0.0,21:06:57
836,12155.0,22.0,12155.0,12160.0,0.0,0.0,79.0,88.0,-1.0,-8.0,20.0,2.0,18.0,21:06:58
837,12160.0,2.0,12155.0,12160.0,0.0,0.0,79.0,87.0,0.0,-1.0,2.0,-0.0,2.0,21:06:58
838,12160.0,4.0,12155.0,12160.0,0.0,0.0,78.0,87.0,-1.0,0.0,2.0,2.0,0.0,21:06:59
839,12160.0,0.0,12155.0,12160.0,0.0,0.0,78.0,88.0,0.0,1.0,0.0,-0.0,0.0,21:06:59
840,12160.0,0.0,12155.0,12160.0,0.0,0.0,77.0,88.0,-1.0,0.0,0.0,-0.0,0.0,21:07:00
841,12155.0,22.0,12155.0,12160.0,0.0,0.0,78.0,78.0,1.0,-10.0,20.0,2.0,18.0,21:07:00
842,12155.0,0.0,12155.0,12160.0,0.0,0.0,80.0,78.0,2.0,0.0,0.0,-0.0,0.0,21:07:01
843,12155.0,10.0,12155.0,12160.0,0.0,0.0,75.0,86.0,-5.0,8.0,0.0,10.0,-10.0,21:07:01
844,12155.0,0.0,12155.0,12160.0,0.0,0.0,75.0,94.0,0.0,8.0,0.0,-0.0,0.0,21:07:02
845,12155.0,2.0,12155.0,12160.0,0.0,0.0,75.0,94.0,0.0,0.0,0.0,2.0,-2.0,21:07:02
846,12155.0,8.0,12155.0,12160.0,0.0,0.0,72.0,95.0,-3.0,1.0,0.0,8.0,-8.0,21:07:03
847,12155.0,4.0,12155.0,12160.0,0.0,0.0,70.0,105.0,-2.0,10.0,0.0,4.0,-4.0,21:07:03
848,12155.0,4.0,12155.0,12160.0,0.0,0.0,69.0,106.0,-1.0,1.0,0.0,4.0,-4.0,21:07:04
849,12155.0,0.0,12155.0,12160.0,0.0,0.0,69.0,106.0,0.0,0.0,0.0,-0.0,0.0,21:07:04
850,12155.0,32.0,12155.0,12160.0,0.0,0.0,53.0,95.0,-16.0,-11.0,0.0,32.0,-32.0,21:07:05
851,12155.0,106.0,12150.0,12155.0,-1.0,-1.0,210.0,49.0,0.0,0.0,0.0,106.0,-106.0,21:07:05
852,12150.0,2.0,12150.0,12155.0,0.0,0.0,212.0,76.0,2.0,27.0,0.0,2.0,-2.0,21:07:06
853,12150.0,0.0,12150.0,12155.0,0.0,0.0,212.0,77.0,0.0,1.0,0.0,-0.0,0.0,21:07:06
854,12155.0,2.0,12150.0,12155.0,0.0,0.0,211.0,81.0,-1.0,4.0,2.0,-0.0,2.0,21:07:07
855,12155.0,0.0,12150.0,12155.0,0.0,0.0,213.0,77.0,2.0,-4.0,0.0,-0.0,0.0,21:07:07
856,12155.0,2.0,12150.0,12155.0,0.0,0.0,215.0,76.0,2.0,-1.0,2.0,-0.0,2.0,21:07:08
857,12155.0,0.0,12150.0,12155.0,0.0,0.0,217.0,76.0,2.0,0.0,0.0,-0.0,0.0,21:07:08
858,12155.0,0.0,12150.0,12155.0,0.0,0.0,218.0,76.0,1.0,0.0,0.0,-0.0,0.0,21:07:09
859,12155.0,0.0,12150.0,12155.0,0.0,0.0,219.0,77.0,1.0,1.0,0.0,-0.0,0.0,21:07:09
860,12150.0,2.0,12150.0,12155.0,0.0,0.0,217.0,77.0,-2.0,0.0,0.0,2.0,-2.0,21:07:10
861,12155.0,2.0,12150.0,12155.0,0.0,0.0,217.0,78.0,0.0,1.0,2.0,-0.0,2.0,21:07:10
862,12155.0,0.0,12150.0,12155.0,0.0,0.0,217.0,78.0,0.0,0.0,0.0,-0.0,0.0,21:07:11
863,12150.0,2.0,12150.0,12155.0,0.0,0.0,216.0,81.0,-1.0,3.0,0.0,2.0,-2.0,21:07:11
864,12155.0,2.0,12150.0,12155.0,0.0,0.0,216.0,80.0,0.0,-1.0,2.0,-0.0,2.0,21:07:12
865,12155.0,2.0,12150.0,12155.0,0.0,0.0,216.0,79.0,0.0,-1.0,2.0,-0.0,2.0,21:07:12
866,12155.0,2.0,12150.0,12155.0,0.0,0.0,216.0,39.0,0.0,-40.0,2.0,-0.0,2.0,21:07:13
867,12155.0,6.0,12150.0,12155.0,0.0,0.0,215.0,37.0,-1.0,-2.0,6.0,-0.0,6.0,21:07:13
868,12155.0,2.0,12150.0,12155.0,0.0,0.0,216.0,39.0,1.0,2.0,2.0,-0.0,2.0,21:07:14
869,12150.0,20.0,12150.0,12155.0,0.0,0.0,208.0,41.0,-8.0,2.0,2.0,18.0,-16.0,21:07:14
870,12150.0,0.0,12150.0,12155.0,0.0,0.0,208.0,41.0,0.0,0.0,0.0,-0.0,0.0,21:07:15
871,12150.0,0.0,12150.0,12155.0,0.0,0.0,208.0,47.0,0.0,6.0,0.0,-0.0,0.0,21:07:15
872,12150.0,6.0,12150.0,12155.0,0.0,0.0,206.0,48.0,-2.0,1.0,2.0,4.0,-2.0,21:07:16
873,12150.0,0.0,12150.0,12155.0,0.0,0.0,206.0,59.0,0.0,11.0,0.0,-0.0,0.0,21:07:16
874,12150.0,8.0,12150.0,12155.0,0.0,0.0,201.0,61.0,-5.0,2.0,0.0,8.0,-8.0,21:07:17
875,12150.0,0.0,12150.0,12155.0,0.0,0.0,201.0,65.0,0.0,4.0,0.0,-0.0,0.0,21:07:17
876,12150.0,0.0,12150.0,12155.0,0.0,0.0,201.0,65.0,0.0,0.0,0.0,-0.0,0.0,21:07:18
877,12150.0,0.0,12150.0,12155.0,0.0,0.0,201.0,66.0,0.0,1.0,0.0,-0.0,0.0,21:07:18
878,12150.0,6.0,12150.0,12155.0,0.0,0.0,203.0,66.0,2.0,0.0,2.0,4.0,-2.0,21:07:19
879,12150.0,40.0,12150.0,12155.0,0.0,0.0,183.0,64.0,-20.0,-2.0,0.0,40.0,-40.0,21:07:19
880,12155.0,2.0,12150.0,12155.0,0.0,0.0,181.0,68.0,-2.0,4.0,2.0,-0.0,2.0,21:07:20
881,12150.0,64.0,12150.0,12155.0,0.0,0.0,149.0,73.0,-32.0,5.0,0.0,64.0,-64.0,21:07:20
882,12150.0,2.0,12150.0,12155.0,0.0,0.0,148.0,73.0,-1.0,0.0,0.0,2.0,-2.0,21:07:21
883,12150.0,0.0,12150.0,12155.0,0.0,0.0,148.0,76.0,0.0,3.0,0.0,-0.0,0.0,21:07:21
884,12150.0,0.0,12150.0,12155.0,0.0,0.0,148.0,76.0,0.0,0.0,0.0,-0.0,0.0,21:07:22
885,12150.0,0.0,12150.0,12155.0,0.0,0.0,150.0,77.0,2.0,1.0,0.0,-0.0,0.0,21:07:22
886,12150.0,0.0,12150.0,12155.0,0.0,0.0,151.0,77.0,1.0,0.0,0.0,-0.0,0.0,21:07:23
887,12150.0,2.0,12150.0,12155.0,0.0,0.0,150.0,77.0,-1.0,0.0,0.0,2.0,-2.0,21:07:23
888,12150.0,0.0,12150.0,12155.0,0.0,0.0,150.0,77.0,0.0,0.0,0.0,-0.0,0.0,21:07:24
889,12155.0,2.0,12150.0,12155.0,0.0,0.0,150.0,78.0,0.0,1.0,2.0,-0.0,2.0,21:07:24
890,12150.0,42.0,12150.0,12155.0,0.0,0.0,130.0,77.0,-20.0,-1.0,2.0,40.0,-38.0,21:07:25
891,12155.0,2.0,12150.0,12155.0,0.0,0.0,133.0,76.0,3.0,-1.0,2.0,-0.0,2.0,21:07:25
892,12155.0,2.0,12150.0,12155.0,0.0,0.0,134.0,75.0,1.0,-1.0,2.0,-0.0,2.0,21:07:26
893,12155.0,0.0,12150.0,12155.0,0.0,0.0,134.0,78.0,0.0,3.0,0.0,-0.0,0.0,21:07:26
894,12155.0,0.0,12150.0,12155.0,0.0,0.0,136.0,78.0,2.0,0.0,0.0,-0.0,0.0,21:07:27
895,12155.0,0.0,12150.0,12155.0,0.0,0.0,137.0,78.0,1.0,0.0,0.0,-0.0,0.0,21:07:27
896,12155.0,0.0,12150.0,12155.0,0.0,0.0,137.0,86.0,0.0,8.0,0.0,-0.0,0.0,21:07:28
897,12155.0,4.0,12150.0,12155.0,0.0,0.0,137.0,84.0,0.0,-2.0,4.0,-0.0,4.0,21:07:28
898,12150.0,2.0,12150.0,12155.0,0.0,0.0,136.0,85.0,-1.0,1.0,0.0,2.0,-2.0,21:07:29
899,12150.0,0.0,12150.0,12155.0,0.0,0.0,138.0,85.0,2.0,0.0,0.0,-0.0,0.0,21:07:29
900,12150.0,0.0,12150.0,12155.0,0.0,0.0,142.0,85.0,4.0,0.0,0.0,-0.0,0.0,21:07:30
901,12150.0,2.0,12150.0,12155.0,0.0,0.0,142.0,92.0,0.0,7.0,0.0,2.0,-2.0,21:07:30
902,12150.0,2.0,12150.0,12155.0,0.0,0.0,140.0,99.0,-2.0,7.0,0.0,2.0,-2.0,21:07:31
903,12150.0,20.0,12150.0,12155.0,0.0,0.0,131.0,110.0,-9.0,11.0,0.0,20.0,-20.0,21:07:31
904,12150.0,0.0,12150.0,12155.0,0.0,0.0,130.0,110.0,-1.0,0.0,0.0,-0.0,0.0,21:07:32
905,12155.0,2.0,12150.0,12155.0,0.0,0.0,130.0,109.0,0.0,-1.0,2.0,-0.0,2.0,21:07:32
906,12150.0,12.0,12150.0,12155.0,0.0,0.0,124.0,104.0,-6.0,-5.0,0.0,12.0,-12.0,21:07:33
907,12150.0,0.0,12150.0,12155.0,0.0,0.0,124.0,104.0,0.0,0.0,0.0,-0.0,0.0,21:07:33
908,12155.0,2.0,12150.0,12155.0,0.0,0.0,125.0,103.0,1.0,-1.0,2.0,-0.0,2.0,21:07:34
909,12150.0,2.0,12150.0,12155.0,0.0,0.0,153.0,104.0,28.0,1.0,0.0,2.0,-2.0,21:07:34
910,12150.0,6.0,12150.0,12155.0,0.0,0.0,151.0,104.0,-2.0,0.0,0.0,6.0,-6.0,21:07:35
911,12150.0,0.0,12150.0,12155.0,0.0,0.0,153.0,104.0,2.0,0.0,0.0,-0.0,0.0,21:07:35
912,12150.0,2.0,12150.0,12155.0,0.0,0.0,152.0,102.0,-1.0,-2.0,0.0,2.0,-2.0,21:07:36
913,12150.0,0.0,12150.0,12155.0,0.0,0.0,152.0,102.0,0.0,0.0,0.0,-0.0,0.0,21:07:36
914,12150.0,0.0,12150.0,12155.0,0.0,0.0,160.0,102.0,8.0,0.0,0.0,-0.0,0.0,21:07:37
915,12155.0,2.0,12150.0,12155.0,0.0,0.0,161.0,101.0,1.0,-1.0,2.0,-0.0,2.0,21:07:37
916,12150.0,8.0,12150.0,12155.0,0.0,0.0,157.0,98.0,-4.0,-3.0,0.0,8.0,-8.0,21:07:38
917,12150.0,6.0,12150.0,12155.0,0.0,0.0,159.0,98.0,2.0,0.0,2.0,4.0,-2.0,21:07:38
918,12150.0,2.0,12150.0,12155.0,0.0,0.0,159.0,98.0,0.0,0.0,0.0,2.0,-2.0,21:07:39
919,12155.0,2.0,12150.0,12155.0,0.0,0.0,159.0,97.0,0.0,-1.0,2.0,-0.0,2.0,21:07:39
920,12150.0,2.0,12150.0,12155.0,0.0,0.0,159.0,97.0,0.0,0.0,0.0,2.0,-2.0,21:07:40
921,12150.0,2.0,12150.0,12155.0,0.0,0.0,158.0,97.0,-1.0,0.0,0.0,2.0,-2.0,21:07:40
922,12150.0,4.0,12150.0,12155.0,0.0,0.0,155.0,97.0,-3.0,0.0,0.0,4.0,-4.0,21:07:41
923,12150.0,2.0,12150.0,12155.0,0.0,0.0,156.0,98.0,1.0,1.0,0.0,2.0,-2.0,21:07:41
924,12155.0,2.0,12150.0,12155.0,0.0,0.0,157.0,98.0,1.0,0.0,2.0,-0.0,2.0,21:07:42
925,12155.0,0.0,12150.0,12155.0,0.0,0.0,156.0,100.0,-1.0,2.0,0.0,-0.0,0.0,21:07:42
926,12155.0,0.0,12150.0,12155.0,0.0,0.0,157.0,101.0,1.0,1.0,0.0,-0.0,0.0,21:07:43
927,12150.0,40.0,12150.0,12155.0,0.0,0.0,137.0,101.0,-20.0,0.0,0.0,40.0,-40.0,21:07:43
928,12150.0,0.0,12150.0,12155.0,0.0,0.0,136.0,101.0,-1.0,0.0,0.0,-0.0,0.0,21:07:44
929,12150.0,0.0,12150.0,12155.0,0.0,0.0,140.0,101.0,4.0,0.0,0.0,-0.0,0.0,21:07:44
930,12150.0,0.0,12150.0,12155.0,0.0,0.0,140.0,102.0,0.0,1.0,0.0,-0.0,0.0,21:07:45
931,12150.0,0.0,12150.0,12155.0,0.0,0.0,140.0,102.0,0.0,0.0,0.0,-0.0,0.0,21:07:45
932,12150.0,0.0,12150.0,12155.0,0.0,0.0,140.0,103.0,0.0,1.0,0.0,-0.0,0.0,21:07:46
933,12150.0,0.0,12150.0,12155.0,0.0,0.0,140.0,103.0,0.0,0.0,0.0,-0.0,0.0,21:07:46
934,12155.0,2.0,12150.0,12155.0,0.0,0.0,150.0,102.0,10.0,-1.0,2.0,-0.0,2.0,21:07:47
935,12155.0,2.0,12150.0,12155.0,0.0,0.0,152.0,101.0,2.0,-1.0,2.0,-0.0,2.0,21:07:47
936,12150.0,6.0,12150.0,12155.0,0.0,0.0,149.0,101.0,-3.0,0.0,0.0,6.0,-6.0,21:07:48
937,12150.0,2.0,12150.0,12155.0,0.0,0.0,149.0,101.0,0.0,0.0,0.0,2.0,-2.0,21:07:48
938,12155.0,20.0,12150.0,12155.0,0.0,0.0,149.0,91.0,0.0,-10.0,20.0,-0.0,20.0,21:07:49
939,12155.0,0.0,12150.0,12155.0,0.0,0.0,150.0,86.0,1.0,-5.0,0.0,-0.0,0.0,21:07:49
940,12150.0,16.0,12150.0,12155.0,0.0,0.0,142.0,97.0,-8.0,11.0,0.0,16.0,-16.0,21:07:50
941,12155.0,12.0,12150.0,12155.0,0.0,0.0,142.0,91.0,0.0,-6.0,12.0,-0.0,12.0,21:07:50
942,12155.0,6.0,12150.0,12155.0,0.0,0.0,143.0,88.0,1.0,-3.0,6.0,-0.0,6.0,21:07:51
943,12155.0,0.0,12150.0,12155.0,0.0,0.0,145.0,88.0,2.0,0.0,0.0,-0.0,0.0,21:07:51
944,12155.0,0.0,12150.0,12155.0,0.0,0.0,144.0,91.0,-1.0,3.0,0.0,-0.0,0.0,21:07:52
945,12155.0,0.0,12150.0,12155.0,0.0,0.0,144.0,91.0,0.0,0.0,0.0,-0.0,0.0,21:07:52
946,12155.0,0.0,12150.0,12155.0,0.0,0.0,144.0,90.0,0.0,-1.0,0.0,-0.0,0.0,21:07:53
947,12155.0,2.0,12150.0,12155.0,0.0,0.0,142.0,90.0,-2.0,0.0,2.0,-0.0,2.0,21:07:53
948,12155.0,2.0,12150.0,12155.0,0.0,0.0,143.0,90.0,1.0,0.0,2.0,-0.0,2.0,21:07:54
949,12155.0,0.0,12150.0,12155.0,0.0,0.0,143.0,90.0,0.0,0.0,0.0,-0.0,0.0,21:07:55
950,12155.0,4.0,12150.0,12155.0,0.0,0.0,142.0,89.0,-1.0,-1.0,2.0,2.0,0.0,21:07:55
951,12155.0,4.0,12150.0,12155.0,0.0,0.0,143.0,86.0,1.0,-3.0,4.0,-0.0,4.0,21:07:56
952,12155.0,0.0,12150.0,12155.0,0.0,0.0,143.0,86.0,0.0,0.0,0.0,-0.0,0.0,21:07:56
953,12155.0,0.0,12150.0,12155.0,0.0,0.0,143.0,86.0,0.0,0.0,0.0,-0.0,0.0,21:07:57
954,12155.0,4.0,12150.0,12155.0,0.0,0.0,143.0,84.0,0.0,-2.0,4.0,-0.0,4.0,21:07:57
955,12155.0,0.0,12150.0,12155.0,0.0,0.0,145.0,84.0,2.0,0.0,0.0,-0.0,0.0,21:07:58
956,12155.0,0.0,12150.0,12155.0,0.0,0.0,152.0,85.0,7.0,1.0,0.0,-0.0,0.0,21:07:58
957,12155.0,0.0,12150.0,12155.0,0.0,0.0,152.0,85.0,0.0,0.0,0.0,-0.0,0.0,21:07:59
958,12155.0,6.0,12150.0,12155.0,0.0,0.0,153.0,82.0,1.0,-3.0,6.0,-0.0,6.0,21:07:59
959,12155.0,164.0,12155.0,12160.0,1.0,1.0,38.0,66.0,0.0,0.0,164.0,0.0,164.0,21:08:00
960,12160.0,38.0,12155.0,12160.0,0.0,0.0,59.0,61.0,21.0,-5.0,36.0,2.0,34.0,21:08:00
961,12155.0,10.0,12155.0,12160.0,0.0,0.0,74.0,62.0,15.0,1.0,0.0,10.0,-10.0,21:08:01
962,12155.0,0.0,12155.0,12160.0,0.0,0.0,74.0,60.0,0.0,-2.0,0.0,-0.0,0.0,21:08:01
963,12155.0,2.0,12155.0,12160.0,0.0,0.0,88.0,60.0,14.0,0.0,0.0,2.0,-2.0,21:08:02
964,12155.0,0.0,12155.0,12160.0,0.0,0.0,96.0,59.0,8.0,-1.0,0.0,-0.0,0.0,21:08:02
965,12160.0,6.0,12155.0,12160.0,0.0,0.0,96.0,56.0,0.0,-3.0,6.0,-0.0,6.0,21:08:03
966,12160.0,0.0,12155.0,12160.0,0.0,0.0,96.0,57.0,0.0,1.0,0.0,-0.0,0.0,21:08:03
967,12160.0,80.0,12155.0,12160.0,0.0,0.0,97.0,17.0,1.0,-40.0,80.0,-0.0,80.0,21:08:04
968,12160.0,38.0,12160.0,12165.0,1.0,1.0,7.0,88.0,0.0,0.0,38.0,0.0,38.0,21:08:04
969,12160.0,30.0,12160.0,12165.0,0.0,0.0,14.0,90.0,7.0,2.0,0.0,30.0,-30.0,21:08:05
970,12165.0,8.0,12160.0,12165.0,0.0,0.0,13.0,97.0,-1.0,7.0,2.0,6.0,-4.0,21:08:05
971,12160.0,26.0,12155.0,12165.0,-1.0,0.0,90.0,97.0,0.0,0.0,0.0,26.0,-26.0,21:08:06
972,12160.0,0.0,12155.0,12160.0,0.0,-1.0,90.0,10.0,0.0,0.0,0.0,-0.0,0.0,21:08:06
973,12160.0,0.0,12155.0,12160.0,0.0,0.0,90.0,42.0,0.0,32.0,0.0,-0.0,0.0,21:08:07
974,12160.0,0.0,12155.0,12160.0,0.0,0.0,88.0,58.0,-2.0,16.0,0.0,-0.0,0.0,21:08:07
975,12160.0,4.0,12155.0,12160.0,0.0,0.0,86.0,61.0,-2.0,3.0,4.0,-0.0,4.0,21:08:08
976,12160.0,0.0,12155.0,12160.0,0.0,0.0,86.0,72.0,0.0,11.0,0.0,-0.0,0.0,21:08:08
977,12160.0,2.0,12155.0,12160.0,0.0,0.0,86.0,72.0,0.0,0.0,2.0,-0.0,2.0,21:08:09
978,12160.0,18.0,12155.0,12160.0,0.0,0.0,86.0,63.0,0.0,-9.0,18.0,-0.0,18.0,21:08:09
979,12160.0,2.0,12155.0,12160.0,0.0,0.0,86.0,69.0,0.0,6.0,2.0,-0.0,2.0,21:08:10
980,12155.0,14.0,12155.0,12160.0,0.0,0.0,81.0,74.0,-5.0,5.0,2.0,12.0,-10.0,21:08:10
981,12160.0,4.0,12155.0,12160.0,0.0,0.0,81.0,78.0,0.0,4.0,4.0,-0.0,4.0,21:08:11
982,12160.0,0.0,12155.0,12160.0,0.0,0.0,84.0,82.0,3.0,4.0,0.0,-0.0,0.0,21:08:11
983,12155.0,8.0,12155.0,12160.0,0.0,0.0,81.0,82.0,-3.0,0.0,2.0,6.0,-4.0,21:08:12
984,12155.0,6.0,12155.0,12160.0,0.0,0.0,79.0,81.0,-2.0,-1.0,2.0,4.0,-2.0,21:08:12
985,12155.0,2.0,12155.0,12160.0,0.0,0.0,72.0,82.0,-7.0,1.0,0.0,2.0,-2.0,21:08:13
986,12155.0,2.0,12155.0,12160.0,0.0,0.0,72.0,82.0,0.0,0.0,0.0,2.0,-2.0,21:08:13
987,12155.0,20.0,12155.0,12160.0,0.0,0.0,40.0,91.0,-32.0,9.0,0.0,20.0,-20.0,21:08:14
988,12155.0,80.0,12150.0,12155.0,-1.0,-1.0,156.0,32.0,0.0,0.0,0.0,80.0,-80.0,21:08:14
989,12155.0,10.0,12150.0,12155.0,0.0,0.0,156.0,48.0,0.0,16.0,10.0,-0.0,10.0,21:08:15
990,12155.0,0.0,12150.0,12155.0,0.0,0.0,156.0,41.0,0.0,-7.0,0.0,-0.0,0.0,21:08:15
991,12155.0,2.0,12150.0,12155.0,0.0,0.0,156.0,40.0,0.0,-1.0,2.0,-0.0,2.0,21:08:16
992,12155.0,22.0,12150.0,12155.0,0.0,0.0,155.0,20.0,-1.0,-20.0,22.0,-0.0,22.0,21:08:16
993,12155.0,22.0,12150.0,12155.0,0.0,0.0,155.0,9.0,0.0,-11.0,22.0,-0.0,22.0,21:08:17
994,12155.0,12.0,12150.0,12155.0,0.0,0.0,155.0,3.0,0.0,-6.0,12.0,-0.0,12.0,21:08:17
995,12155.0,6.0,12155.0,12160.0,1.0,1.0,4.0,86.0,0.0,0.0,6.0,0.0,6.0,21:08:18
996,12155.0,8.0,12155.0,12160.0,0.0,0.0,4.0,102.0,0.0,16.0,0.0,8.0,-8.0,21:08:18
997,12155.0,12.0,12150.0,12155.0,-1.0,-1.0,155.0,1.0,0.0,0.0,0.0,12.0,-12.0,21:08:19
998,12155.0,0.0,12150.0,12155.0,0.0,0.0,156.0,7.0,1.0,6.0,0.0,-0.0,0.0,21:08:19
999,12155.0,2.0,12150.0,12155.0,0.0,0.0,156.0,37.0,0.0,30.0,2.0,-0.0,2.0,21:08:20
1000,12155.0,6.0,12150.0,12155.0,0.0,0.0,156.0,38.0,0.0,1.0,6.0,-0.0,6.0,21:08:20
1001,12150.0,2.0,12150.0,12155.0,0.0,0.0,155.0,39.0,-1.0,1.0,0.0,2.0,-2.0,21:08:21
1002,12155.0,2.0,12150.0,12155.0,0.0,0.0,158.0,38.0,3.0,-1.0,2.0,-0.0,2.0,21:08:21
1003,12150.0,2.0,12150.0,12155.0,0.0,0.0,157.0,38.0,-1.0,0.0,0.0,2.0,-2.0,21:08:22
1004,12150.0,0.0,12150.0,12155.0,0.0,0.0,158.0,29.0,1.0,-9.0,0.0,-0.0,0.0,21:08:22
1005,12155.0,2.0,12150.0,12155.0,0.0,0.0,159.0,28.0,1.0,-1.0,2.0,-0.0,2.0,21:08:23
1006,12155.0,0.0,12150.0,12155.0,0.0,0.0,160.0,28.0,1.0,0.0,0.0,-0.0,0.0,21:08:23
1007,12155.0,0.0,12150.0,12155.0,0.0,0.0,161.0,31.0,1.0,3.0,0.0,-0.0,0.0,21:08:24
1008,12155.0,0.0,12150.0,12155.0,0.0,0.0,161.0,31.0,0.0,0.0,0.0,-0.0,0.0,21:08:24
1009,12155.0,20.0,12150.0,12155.0,0.0,0.0,161.0,22.0,0.0,-9.0,20.0,-0.0,20.0,21:08:25
1010,12155.0,6.0,12150.0,12155.0,0.0,0.0,160.0,21.0,-1.0,-1.0,6.0,-0.0,6.0,21:08:25
1011,12155.0,4.0,12150.0,12155.0,0.0,0.0,160.0,21.0,0.0,0.0,4.0,-0.0,4.0,21:08:26
1012,12155.0,0.0,12150.0,12155.0,0.0,0.0,161.0,27.0,1.0,6.0,0.0,-0.0,0.0,21:08:26
1013,12155.0,0.0,12150.0,12155.0,0.0,0.0,161.0,32.0,0.0,5.0,0.0,-0.0,0.0,21:08:27
1014,12155.0,0.0,12150.0,12155.0,0.0,0.0,162.0,32.0,1.0,0.0,0.0,-0.0,0.0,21:08:27
1015,12155.0,2.0,12150.0,12155.0,0.0,0.0,162.0,31.0,0.0,-1.0,2.0,-0.0,2.0,21:08:28
1016,12155.0,0.0,12150.0,12155.0,0.0,0.0,162.0,31.0,0.0,0.0,0.0,-0.0,0.0,21:08:28
1017,12155.0,0.0,12150.0,12155.0,0.0,0.0,163.0,31.0,1.0,0.0,0.0,-0.0,0.0,21:08:29
1018,12155.0,0.0,12150.0,12155.0,0.0,0.0,163.0,31.0,0.0,0.0,0.0,-0.0,0.0,21:08:29
1019,12155.0,0.0,12150.0,12155.0,0.0,0.0,163.0,31.0,0.0,0.0,0.0,-0.0,0.0,21:08:30
1020,12155.0,2.0,12150.0,12155.0,0.0,0.0,164.0,32.0,1.0,1.0,2.0,-0.0,2.0,21:08:30
1021,12155.0,0.0,12150.0,12155.0,0.0,0.0,164.0,43.0,0.0,11.0,0.0,-0.0,0.0,21:08:31
1022,12155.0,0.0,12150.0,12155.0,0.0,0.0,164.0,53.0,0.0,10.0,0.0,-0.0,0.0,21:08:31
1023,12155.0,0.0,12150.0,12155.0,0.0,0.0,164.0,69.0,0.0,16.0,0.0,-0.0,0.0,21:08:32
1024,12155.0,40.0,12150.0,12155.0,0.0,0.0,157.0,59.0,-7.0,-10.0,28.0,12.0,16.0,21:08:32
1025,12155.0,0.0,12150.0,12155.0,0.0,0.0,157.0,63.0,0.0,4.0,0.0,-0.0,0.0,21:08:33
1026,12155.0,0.0,12150.0,12155.0,0.0,0.0,158.0,73.0,1.0,10.0,0.0,-0.0,0.0,21:08:33
1027,12150.0,12.0,12150.0,12155.0,0.0,0.0,153.0,74.0,-5.0,1.0,2.0,10.0,-8.0,21:08:34
1028,12155.0,20.0,12150.0,12155.0,0.0,0.0,153.0,64.0,0.0,-10.0,20.0,-0.0,20.0,21:08:34
1029,12155.0,10.0,12150.0,12155.0,0.0,0.0,153.0,57.0,0.0,-7.0,10.0,-0.0,10.0,21:08:35
1030,12155.0,2.0,12150.0,12155.0,0.0,0.0,154.0,56.0,1.0,-1.0,2.0,-0.0,2.0,21:08:35
1031,12155.0,0.0,12150.0,12155.0,0.0,0.0,154.0,56.0,0.0,0.0,0.0,-0.0,0.0,21:08:36
1032,12155.0,0.0,12150.0,12155.0,0.0,0.0,155.0,56.0,1.0,0.0,0.0,-0.0,0.0,21:08:36
1033,12155.0,0.0,12150.0,12155.0,0.0,0.0,156.0,56.0,1.0,0.0,0.0,-0.0,0.0,21:08:37
1034,12155.0,2.0,12150.0,12155.0,0.0,0.0,156.0,55.0,0.0,-1.0,2.0,-0.0,2.0,21:08:38
1035,12155.0,0.0,12150.0,12155.0,0.0,0.0,156.0,56.0,0.0,1.0,0.0,-0.0,0.0,21:08:38
1036,12155.0,0.0,12150.0,12155.0,0.0,0.0,157.0,56.0,1.0,0.0,0.0,-0.0,0.0,21:08:39
1037,12150.0,2.0,12150.0,12155.0,0.0,0.0,156.0,56.0,-1.0,0.0,0.0,2.0,-2.0,21:08:39
1038,12155.0,2.0,12150.0,12155.0,0.0,0.0,156.0,55.0,0.0,-1.0,2.0,-0.0,2.0,21:08:40
1039,12155.0,6.0,12150.0,12155.0,0.0,0.0,156.0,57.0,0.0,2.0,6.0,-0.0,6.0,21:08:40
1040,12150.0,4.0,12150.0,12155.0,0.0,0.0,155.0,58.0,-1.0,1.0,2.0,2.0,0.0,21:08:41
1041,12150.0,0.0,12150.0,12155.0,0.0,0.0,155.0,58.0,0.0,0.0,0.0,-0.0,0.0,21:08:41
1042,12150.0,0.0,12150.0,12155.0,0.0,0.0,157.0,59.0,2.0,1.0,0.0,-0.0,0.0,21:08:42
1043,12150.0,2.0,12150.0,12155.0,0.0,0.0,155.0,59.0,-2.0,0.0,0.0,2.0,-2.0,21:08:42
1044,12150.0,0.0,12150.0,12155.0,0.0,0.0,158.0,65.0,3.0,6.0,0.0,-0.0,0.0,21:08:43
1045,12150.0,0.0,12150.0,12155.0,0.0,0.0,158.0,68.0,0.0,3.0,0.0,-0.0,0.0,21:08:43
1046,12150.0,0.0,12150.0,12155.0,0.0,0.0,158.0,73.0,0.0,5.0,0.0,-0.0,0.0,21:08:44
1047,12150.0,0.0,12150.0,12155.0,0.0,0.0,158.0,76.0,0.0,3.0,0.0,-0.0,0.0,21:08:44
1048,12150.0,0.0,12150.0,12155.0,0.0,0.0,153.0,76.0,-5.0,0.0,0.0,-0.0,0.0,21:08:45
1049,12150.0,0.0,12150.0,12155.0,0.0,0.0,152.0,76.0,-1.0,0.0,0.0,-0.0,0.0,21:08:45
1050,12150.0,104.0,12150.0,12155.0,0.0,0.0,101.0,77.0,-51.0,1.0,0.0,104.0,-104.0,21:08:46
1051,12150.0,204.0,12145.0,12150.0,-1.0,-1.0,123.0,34.0,0.0,0.0,0.0,204.0,-204.0,21:08:46
1052,12150.0,0.0,12145.0,12150.0,0.0,0.0,122.0,79.0,-1.0,45.0,0.0,-0.0,0.0,21:08:47
1053,12145.0,2.0,12145.0,12150.0,0.0,0.0,123.0,93.0,1.0,14.0,0.0,2.0,-2.0,21:08:47
1054,12150.0,10.0,12145.0,12150.0,0.0,0.0,124.0,91.0,1.0,-2.0,4.0,6.0,-2.0,21:08:48
1055,12150.0,0.0,12145.0,12150.0,0.0,0.0,124.0,91.0,0.0,0.0,0.0,-0.0,0.0,21:08:48
1056,12150.0,0.0,12145.0,12150.0,0.0,0.0,124.0,92.0,0.0,1.0,0.0,-0.0,0.0,21:08:49
1057,12145.0,2.0,12145.0,12150.0,0.0,0.0,122.0,94.0,-2.0,2.0,0.0,2.0,-2.0,21:08:49
1058,12145.0,0.0,12145.0,12150.0,0.0,0.0,124.0,94.0,2.0,0.0,0.0,-0.0,0.0,21:08:50
1059,12145.0,2.0,12145.0,12150.0,0.0,0.0,123.0,94.0,-1.0,0.0,0.0,2.0,-2.0,21:08:50
1060,12150.0,40.0,12145.0,12150.0,0.0,0.0,123.0,68.0,0.0,-26.0,40.0,-0.0,40.0,21:08:51
1061,12150.0,0.0,12145.0,12150.0,0.0,0.0,125.0,66.0,2.0,-2.0,0.0,-0.0,0.0,21:08:51
1062,12150.0,0.0,12145.0,12150.0,0.0,0.0,125.0,65.0,0.0,-1.0,0.0,-0.0,0.0,21:08:52
1063,12150.0,2.0,12145.0,12150.0,0.0,0.0,126.0,64.0,1.0,-1.0,2.0,-0.0,2.0,21:08:52
1064,12150.0,24.0,12145.0,12150.0,0.0,0.0,126.0,52.0,0.0,-12.0,24.0,-0.0,24.0,21:08:53
1065,12150.0,0.0,12145.0,12150.0,0.0,0.0,127.0,50.0,1.0,-2.0,0.0,-0.0,0.0,21:08:53
1066,12150.0,4.0,12145.0,12150.0,0.0,0.0,128.0,33.0,1.0,-17.0,4.0,-0.0,4.0,21:08:54
1067,12150.0,0.0,12145.0,12150.0,0.0,0.0,130.0,32.0,2.0,-1.0,0.0,-0.0,0.0,21:08:54
1068,12145.0,12.0,12145.0,12150.0,0.0,0.0,126.0,31.0,-4.0,-1.0,2.0,10.0,-8.0,21:08:55
1069,12145.0,4.0,12145.0,12150.0,0.0,0.0,125.0,31.0,-1.0,0.0,2.0,2.0,0.0,21:08:55
1070,12150.0,2.0,12145.0,12150.0,0.0,0.0,133.0,32.0,8.0,1.0,2.0,-0.0,2.0,21:08:56
1071,12150.0,0.0,12145.0,12150.0,0.0,0.0,135.0,32.0,2.0,0.0,0.0,-0.0,0.0,21:08:56
1072,12150.0,2.0,12145.0,12150.0,0.0,0.0,141.0,31.0,6.0,-1.0,2.0,-0.0,2.0,21:08:57
1073,12150.0,0.0,12145.0,12150.0,0.0,0.0,142.0,31.0,1.0,0.0,0.0,-0.0,0.0,21:08:57
1074,12145.0,2.0,12145.0,12150.0,0.0,0.0,142.0,31.0,0.0,0.0,0.0,2.0,-2.0,21:08:58
1075,12145.0,0.0,12145.0,12150.0,0.0,0.0,142.0,30.0,0.0,-1.0,0.0,-0.0,0.0,21:08:58
1076,12150.0,2.0,12145.0,12150.0,0.0,0.0,142.0,30.0,0.0,0.0,2.0,-0.0,2.0,21:08:59
1077,12145.0,2.0,12145.0,12150.0,0.0,0.0,141.0,30.0,-1.0,0.0,0.0,2.0,-2.0,21:08:59
1078,12150.0,4.0,12145.0,12150.0,0.0,0.0,150.0,38.0,9.0,8.0,2.0,2.0,0.0,21:09:00
1079,12150.0,4.0,12145.0,12150.0,0.0,0.0,151.0,37.0,1.0,-1.0,2.0,2.0,0.0,21:09:00
1080,12150.0,12.0,12145.0,12150.0,0.0,0.0,151.0,31.0,0.0,-6.0,12.0,-0.0,12.0,21:09:01
1081,12145.0,8.0,12145.0,12150.0,0.0,0.0,150.0,31.0,-1.0,0.0,0.0,8.0,-8.0,21:09:01
1082,12150.0,22.0,12145.0,12150.0,0.0,0.0,150.0,20.0,0.0,-11.0,22.0,-0.0,22.0,21:09:02
1083,12145.0,4.0,12145.0,12150.0,0.0,0.0,149.0,19.0,-1.0,-1.0,2.0,2.0,0.0,21:09:02
1084,12145.0,10.0,12145.0,12150.0,0.0,0.0,144.0,20.0,-5.0,1.0,0.0,10.0,-10.0,21:09:03
1085,12145.0,0.0,12145.0,12150.0,0.0,0.0,144.0,26.0,0.0,6.0,0.0,-0.0,0.0,21:09:03
1086,12150.0,2.0,12145.0,12150.0,0.0,0.0,151.0,30.0,7.0,4.0,2.0,-0.0,2.0,21:09:04
1087,12150.0,0.0,12145.0,12150.0,0.0,0.0,154.0,31.0,3.0,1.0,0.0,-0.0,0.0,21:09:04
1088,12150.0,2.0,12145.0,12150.0,0.0,0.0,155.0,26.0,1.0,-5.0,2.0,-0.0,2.0,21:09:05
1089,12150.0,34.0,12145.0,12150.0,0.0,0.0,155.0,9.0,0.0,-17.0,34.0,-0.0,34.0,21:09:05
1090,12150.0,18.0,12150.0,12155.0,1.0,1.0,43.0,59.0,0.0,0.0,18.0,0.0,18.0,21:09:06
1091,12150.0,0.0,12150.0,12155.0,0.0,0.0,59.0,64.0,16.0,5.0,0.0,-0.0,0.0,21:09:06
1092,12150.0,0.0,12150.0,12155.0,0.0,0.0,62.0,64.0,3.0,0.0,0.0,-0.0,0.0,21:09:07
1093,12150.0,0.0,12150.0,12155.0,0.0,0.0,62.0,64.0,0.0,0.0,0.0,-0.0,0.0,21:09:07
1094,12150.0,4.0,12150.0,12155.0,0.0,0.0,64.0,65.0,2.0,1.0,0.0,4.0,-4.0,21:09:08
1095,12150.0,4.0,12150.0,12155.0,0.0,0.0,95.0,65.0,31.0,0.0,0.0,4.0,-4.0,21:09:08
1096,12150.0,2.0,12150.0,12155.0,0.0,0.0,118.0,61.0,23.0,-4.0,0.0,2.0,-2.0,21:09:09
1097,12150.0,0.0,12150.0,12155.0,0.0,0.0,118.0,59.0,0.0,-2.0,0.0,-0.0,0.0,21:09:09
1098,12150.0,2.0,12150.0,12155.0,0.0,0.0,118.0,59.0,0.0,0.0,0.0,2.0,-2.0,21:09:10
1099,12150.0,0.0,12150.0,12155.0,0.0,0.0,119.0,50.0,1.0,-9.0,0.0,-0.0,0.0,21:09:10
1100,12150.0,0.0,12150.0,12155.0,0.0,0.0,119.0,51.0,0.0,1.0,0.0,-0.0,0.0,21:09:11
1101,12150.0,40.0,12150.0,12155.0,0.0,0.0,100.0,51.0,-19.0,0.0,0.0,40.0,-40.0,21:09:11
1102,12150.0,10.0,12150.0,12155.0,0.0,0.0,96.0,53.0,-4.0,2.0,0.0,10.0,-10.0,21:09:12
1103,12150.0,54.0,12150.0,12155.0,0.0,0.0,69.0,53.0,-27.0,0.0,0.0,54.0,-54.0,21:09:12
1104,12150.0,0.0,12150.0,12155.0,0.0,0.0,66.0,59.0,-3.0,6.0,0.0,-0.0,0.0,21:09:13
1105,12150.0,0.0,12150.0,12155.0,0.0,0.0,63.0,66.0,-3.0,7.0,0.0,-0.0,0.0,21:09:13
1106,12150.0,0.0,12150.0,12155.0,0.0,0.0,65.0,66.0,2.0,0.0,0.0,-0.0,0.0,21:09:14
1107,12150.0,2.0,12150.0,12155.0,0.0,0.0,64.0,66.0,-1.0,0.0,0.0,2.0,-2.0,21:09:14
1108,12150.0,0.0,12150.0,12155.0,0.0,0.0,64.0,67.0,0.0,1.0,0.0,-0.0,0.0,21:09:15
1109,12150.0,0.0,12150.0,12155.0,0.0,0.0,65.0,67.0,1.0,0.0,0.0,-0.0,0.0,21:09:15
1110,12150.0,4.0,12150.0,12155.0,0.0,0.0,63.0,67.0,-2.0,0.0,0.0,4.0,-4.0,21:09:16
1111,12150.0,0.0,12150.0,12155.0,0.0,0.0,63.0,67.0,0.0,0.0,0.0,-0.0,0.0,21:09:16
1112,12150.0,0.0,12150.0,12155.0,0.0,0.0,63.0,68.0,0.0,1.0,0.0,-0.0,0.0,21:09:17
1113,12150.0,2.0,12150.0,12155.0,0.0,0.0,62.0,68.0,-1.0,0.0,0.0,2.0,-2.0,21:09:17
1114,12155.0,2.0,12150.0,12155.0,0.0,0.0,63.0,67.0,1.0,-1.0,2.0,-0.0,2.0,21:09:18
1115,12155.0,0.0,12150.0,12155.0,0.0,0.0,63.0,68.0,0.0,1.0,0.0,-0.0,0.0,21:09:18
1116,12150.0,2.0,12150.0,12155.0,0.0,0.0,64.0,69.0,1.0,1.0,0.0,2.0,-2.0,21:09:19
1117,12150.0,0.0,12150.0,12155.0,0.0,0.0,67.0,69.0,3.0,0.0,0.0,-0.0,0.0,21:09:19
1118,12150.0,0.0,12150.0,12155.0,0.0,0.0,69.0,68.0,2.0,-1.0,0.0,-0.0,0.0,21:09:20
1119,12150.0,6.0,12150.0,12155.0,0.0,0.0,66.0,68.0,-3.0,0.0,0.0,6.0,-6.0,21:09:20
1120,12150.0,2.0,12150.0,12155.0,0.0,0.0,64.0,68.0,-2.0,0.0,0.0,2.0,-2.0,21:09:21
1121,12150.0,0.0,12150.0,12155.0,0.0,0.0,64.0,70.0,0.0,2.0,0.0,-0.0,0.0,21:09:21
1122,12150.0,4.0,12150.0,12155.0,0.0,0.0,62.0,70.0,-2.0,0.0,0.0,4.0,-4.0,21:09:22
1123,12150.0,2.0,12150.0,12155.0,0.0,0.0,61.0,70.0,-1.0,0.0,0.0,2.0,-2.0,21:09:22
1124,12150.0,0.0,12150.0,12155.0,0.0,0.0,62.0,78.0,1.0,8.0,0.0,-0.0,0.0,21:09:23
1125,12150.0,148.0,12145.0,12150.0,-1.0,-1.0,182.0,22.0,0.0,0.0,0.0,148.0,-148.0,21:09:23
1126,12150.0,2.0,12145.0,12150.0,0.0,0.0,182.0,31.0,0.0,9.0,2.0,-0.0,2.0,21:09:24
1127,12150.0,2.0,12145.0,12150.0,0.0,0.0,182.0,34.0,0.0,3.0,2.0,-0.0,2.0,21:09:24
1128,12150.0,0.0,12145.0,12150.0,0.0,0.0,182.0,34.0,0.0,0.0,0.0,-0.0,0.0,21:09:25
1129,12150.0,4.0,12145.0,12150.0,0.0,0.0,153.0,32.0,-29.0,-2.0,4.0,-0.0,4.0,21:09:25
1130,12145.0,4.0,12145.0,12150.0,0.0,0.0,152.0,31.0,-1.0,-1.0,2.0,2.0,0.0,21:09:26
1131,12145.0,2.0,12145.0,12150.0,0.0,0.0,151.0,27.0,-1.0,-4.0,0.0,2.0,-2.0,21:09:26
1132,12150.0,2.0,12145.0,12150.0,0.0,0.0,151.0,26.0,0.0,-1.0,2.0,-0.0,2.0,21:09:27
1133,12150.0,0.0,12145.0,12150.0,0.0,0.0,151.0,26.0,0.0,0.0,0.0,-0.0,0.0,21:09:27
1134,12145.0,2.0,12145.0,12150.0,0.0,0.0,150.0,26.0,-1.0,0.0,0.0,2.0,-2.0,21:09:28
1135,12145.0,4.0,12145.0,12150.0,0.0,0.0,149.0,25.0,-1.0,-1.0,2.0,2.0,0.0,21:09:28
1136,12145.0,0.0,12145.0,12150.0,0.0,0.0,150.0,25.0,1.0,0.0,0.0,-0.0,0.0,21:09:29
1137,12145.0,0.0,12145.0,12150.0,0.0,0.0,151.0,21.0,1.0,-4.0,0.0,-0.0,0.0,21:09:29
1138,12150.0,8.0,12145.0,12150.0,0.0,0.0,152.0,6.0,1.0,-15.0,8.0,-0.0,8.0,21:09:30
1139,12150.0,18.0,12150.0,12155.0,1.0,1.0,12.0,84.0,0.0,0.0,18.0,0.0,18.0,21:09:30
1140,12155.0,4.0,12150.0,12155.0,0.0,0.0,31.0,86.0,19.0,2.0,2.0,2.0,0.0,21:09:31
1141,12155.0,0.0,12150.0,12155.0,0.0,0.0,32.0,91.0,1.0,5.0,0.0,-0.0,0.0,21:09:31
1142,12155.0,0.0,12150.0,12155.0,0.0,0.0,37.0,91.0,5.0,0.0,0.0,-0.0,0.0,21:09:32
1143,12155.0,0.0,12150.0,12155.0,0.0,0.0,38.0,91.0,1.0,0.0,0.0,-0.0,0.0,21:09:32
1144,12150.0,2.0,12150.0,12155.0,0.0,0.0,37.0,92.0,-1.0,1.0,0.0,2.0,-2.0,21:09:33
1145,12150.0,0.0,12150.0,12155.0,0.0,0.0,38.0,92.0,1.0,0.0,0.0,-0.0,0.0,21:09:33
1146,12150.0,0.0,12150.0,12155.0,0.0,0.0,31.0,92.0,-7.0,0.0,0.0,-0.0,0.0,21:09:34
1147,12150.0,0.0,12150.0,12155.0,0.0,0.0,30.0,93.0,-1.0,1.0,0.0,-0.0,0.0,21:09:34
1148,12155.0,2.0,12150.0,12155.0,0.0,0.0,32.0,92.0,2.0,-1.0,2.0,-0.0,2.0,21:09:35
1149,12155.0,38.0,12150.0,12155.0,0.0,0.0,32.0,73.0,0.0,-19.0,38.0,-0.0,38.0,21:09:35
1150,12150.0,4.0,12150.0,12155.0,0.0,0.0,32.0,73.0,0.0,0.0,0.0,4.0,-4.0,21:09:36
1151,12150.0,0.0,12150.0,12155.0,0.0,0.0,35.0,72.0,3.0,-1.0,0.0,-0.0,0.0,21:09:36
1152,12150.0,2.0,12150.0,12155.0,0.0,0.0,34.0,72.0,-1.0,0.0,0.0,2.0,-2.0,21:09:37
1153,12150.0,40.0,12150.0,12155.0,0.0,0.0,14.0,73.0,-20.0,1.0,0.0,40.0,-40.0,21:09:37
1154,12150.0,28.0,12145.0,12150.0,-1.0,-1.0,153.0,9.0,0.0,0.0,0.0,28.0,-28.0,21:09:38
1155,12150.0,2.0,12145.0,12150.0,0.0,0.0,152.0,25.0,-1.0,16.0,2.0,-0.0,2.0,21:09:38
1156,12150.0,0.0,12145.0,12150.0,0.0,0.0,152.0,30.0,0.0,5.0,0.0,-0.0,0.0,21:09:39
1157,12150.0,0.0,12145.0,12150.0,0.0,0.0,152.0,34.0,0.0,4.0,0.0,-0.0,0.0,21:09:39
1158,12150.0,0.0,12145.0,12150.0,0.0,0.0,153.0,34.0,1.0,0.0,0.0,-0.0,0.0,21:09:40
1159,12150.0,0.0,12145.0,12150.0,0.0,0.0,153.0,32.0,0.0,-2.0,0.0,-0.0,0.0,21:09:41
1160,12150.0,4.0,12145.0,12150.0,0.0,0.0,152.0,30.0,-1.0,-2.0,4.0,-0.0,4.0,21:09:41
1161,12150.0,16.0,12145.0,12150.0,0.0,0.0,153.0,22.0,1.0,-8.0,16.0,-0.0,16.0,21:09:42
1162,12150.0,10.0,12145.0,12150.0,0.0,0.0,153.0,17.0,0.0,-5.0,10.0,-0.0,10.0,21:09:42
1163,12150.0,4.0,12145.0,12150.0,0.0,0.0,153.0,15.0,0.0,-2.0,4.0,-0.0,4.0,21:09:43
1164,12150.0,0.0,12145.0,12150.0,0.0,0.0,154.0,15.0,1.0,0.0,0.0,-0.0,0.0,21:09:43
1165,12150.0,0.0,12145.0,12150.0,0.0,0.0,157.0,15.0,3.0,0.0,0.0,-0.0,0.0,21:09:44
1166,12150.0,0.0,12145.0,12150.0,0.0,0.0,157.0,21.0,0.0,6.0,0.0,-0.0,0.0,21:09:44
1167,12150.0,0.0,12145.0,12150.0,0.0,0.0,157.0,28.0,0.0,7.0,0.0,-0.0,0.0,21:09:45
1168,12150.0,0.0,12145.0,12150.0,0.0,0.0,157.0,29.0,0.0,1.0,0.0,-0.0,0.0,21:09:45
1169,12150.0,2.0,12145.0,12150.0,0.0,0.0,157.0,33.0,0.0,4.0,2.0,-0.0,2.0,21:09:46
1170,12150.0,0.0,12145.0,12150.0,0.0,0.0,157.0,37.0,0.0,4.0,0.0,-0.0,0.0,21:09:46
1171,12150.0,0.0,12145.0,12150.0,0.0,0.0,167.0,48.0,10.0,11.0,0.0,-0.0,0.0,21:09:47
1172,12150.0,0.0,12145.0,12150.0,0.0,0.0,169.0,57.0,2.0,9.0,0.0,-0.0,0.0,21:09:47
1173,12150.0,0.0,12145.0,12150.0,0.0,0.0,168.0,60.0,-1.0,3.0,0.0,-0.0,0.0,21:09:48
1174,12150.0,2.0,12145.0,12150.0,0.0,0.0,168.0,60.0,0.0,0.0,2.0,-0.0,2.0,21:09:48
1175,12150.0,4.0,12145.0,12150.0,0.0,0.0,168.0,58.0,0.0,-2.0,4.0,-0.0,4.0,21:09:49
1176,12150.0,2.0,12145.0,12150.0,0.0,0.0,169.0,54.0,1.0,-4.0,2.0,-0.0,2.0,21:09:49
1177,12150.0,0.0,12145.0,12150.0,0.0,0.0,169.0,52.0,0.0,-2.0,0.0,-0.0,0.0,21:09:50
1178,12150.0,0.0,12145.0,12150.0,0.0,0.0,169.0,52.0,0.0,0.0,0.0,-0.0,0.0,21:09:50
1179,12150.0,0.0,12145.0,12150.0,0.0,0.0,169.0,55.0,0.0,3.0,0.0,-0.0,0.0,21:09:51
1180,12145.0,2.0,12145.0,12150.0,0.0,0.0,168.0,55.0,-1.0,0.0,0.0,2.0,-2.0,21:09:51
1181,12145.0,0.0,12145.0,12150.0,0.0,0.0,168.0,58.0,0.0,3.0,0.0,-0.0,0.0,21:09:52
1182,12145.0,0.0,12145.0,12150.0,0.0,0.0,168.0,58.0,0.0,0.0,0.0,-0.0,0.0,21:09:52
1183,12145.0,2.0,12145.0,12150.0,0.0,0.0,167.0,66.0,-1.0,8.0,0.0,2.0,-2.0,21:09:53
1184,12145.0,0.0,12145.0,12150.0,0.0,0.0,167.0,66.0,0.0,0.0,0.0,-0.0,0.0,21:09:53
1185,12145.0,0.0,12145.0,12150.0,0.0,0.0,168.0,83.0,1.0,17.0,0.0,-0.0,0.0,21:09:54
1186,12145.0,0.0,12145.0,12150.0,0.0,0.0,168.0,84.0,0.0,1.0,0.0,-0.0,0.0,21:09:54
1187,12145.0,0.0,12145.0,12150.0,0.0,0.0,167.0,81.0,-1.0,-3.0,0.0,-0.0,0.0,21:09:55
1188,12150.0,2.0,12145.0,12150.0,0.0,0.0,168.0,81.0,1.0,0.0,2.0,-0.0,2.0,21:09:55
1189,12150.0,2.0,12145.0,12150.0,0.0,0.0,169.0,81.0,1.0,0.0,2.0,-0.0,2.0,21:09:56
1190,12145.0,14.0,12145.0,12150.0,0.0,0.0,166.0,78.0,-3.0,-3.0,8.0,6.0,2.0,21:09:56
1191,12145.0,0.0,12145.0,12150.0,0.0,0.0,166.0,64.0,0.0,-14.0,0.0,-0.0,0.0,21:09:57
1192,12145.0,0.0,12145.0,12150.0,0.0,0.0,166.0,57.0,0.0,-7.0,0.0,-0.0,0.0,21:09:57
1193,12145.0,0.0,12145.0,12150.0,0.0,0.0,168.0,70.0,2.0,13.0,0.0,-0.0,0.0,21:09:58
1194,12145.0,2.0,12145.0,12150.0,0.0,0.0,166.0,72.0,-2.0,2.0,0.0,2.0,-2.0,21:09:58
1195,12145.0,0.0,12145.0,12150.0,0.0,0.0,166.0,72.0,0.0,0.0,0.0,-0.0,0.0,21:09:59
1196,12145.0,2.0,12145.0,12150.0,0.0,0.0,165.0,72.0,-1.0,0.0,0.0,2.0,-2.0,21:09:59
1197,12145.0,0.0,12145.0,12150.0,0.0,0.0,166.0,73.0,1.0,1.0,0.0,-0.0,0.0,21:10:00
1198,12145.0,0.0,12145.0,12150.0,0.0,0.0,167.0,73.0,1.0,0.0,0.0,-0.0,0.0,21:10:00
1199,12145.0,0.0,12145.0,12150.0,0.0,0.0,166.0,73.0,-1.0,0.0,0.0,-0.0,0.0,21:10:01
1200,12145.0,8.0,12145.0,12150.0,0.0,0.0,162.0,75.0,-4.0,2.0,0.0,8.0,-8.0,21:10:01
1201,12145.0,0.0,12145.0,12150.0,0.0,0.0,163.0,76.0,1.0,1.0,0.0,-0.0,0.0,21:10:02
1202,12150.0,4.0,12145.0,12150.0,0.0,0.0,163.0,76.0,0.0,0.0,2.0,2.0,0.0,21:10:02
1203,12150.0,14.0,12145.0,12150.0,0.0,0.0,162.0,70.0,-1.0,-6.0,12.0,2.0,10.0,21:10:03
1204,12150.0,4.0,12145.0,12150.0,0.0,0.0,162.0,70.0,0.0,0.0,4.0,-0.0,4.0,21:10:03
1205,12150.0,60.0,12145.0,12150.0,0.0,0.0,162.0,42.0,0.0,-28.0,60.0,-0.0,60.0,21:10:04
1206,12150.0,16.0,12145.0,12150.0,0.0,0.0,161.0,33.0,-1.0,-9.0,12.0,4.0,8.0,21:10:04
1207,12150.0,22.0,12145.0,12150.0,0.0,0.0,161.0,22.0,0.0,-11.0,22.0,-0.0,22.0,21:10:05
1208,12150.0,0.0,12145.0,12150.0,0.0,0.0,161.0,29.0,0.0,7.0,0.0,-0.0,0.0,21:10:05
