,lastPrice,tick_volume,bidPrice1,askPrice1,bidPrice1_change,askPrice1_change,bidVolume1,askVolume1,bid_vol_change,ask_vol_change,buy_tick_volume,sell_tick_volume,buy_minus_sell_volume,updateTime,1min sum(N),2min sum(N),,
0,12095,386,12090,12095,,,39,21,,,0,386,,20:59:00,,,,
1,12100,202,12095,12100,1,1,1,67,0,0,202,0,202,21:00:00,,,,
2,12090,356,12090,12100,-1,0,20,18,0,-49,118,238,-120,21:00:01,,,,
3,12095,134,12090,12095,0,-1,42,35,22,0,43,91,-48,21:00:01,,,,
4,12090,292,12085,12090,-1,-1,92,65,0,0,0,292,-292,21:00:02,,,,
5,12090,176,12085,12090,0,0,71,20,-21,-45,132,44,88,21:00:02,,,,
6,12095,176,12090,12095,1,1,6,21,0,0,176,0,176,21:00:03,,,,
7,12090,210,12090,12095,0,0,6,5,0,-16,52,158,-106,21:00:03,,,,
8,12095,78,12095,12100,1,1,12,31,0,0,78,0,78,21:00:04,,,,
9,12095,270,12085,12095,-1,-1,20,47,0,0,0,270,-270,21:00:04,,,,
10,12085,210,12080,12085,-1,-1,65,8,0,0,0,210,-210,21:00:05,,,,
11,12085,258,12085,12090,1,1,17,7,0,0,258,0,258,21:00:05,,,,
12,12085,186,12080,12085,-1,-1,48,9,0,0,0,186,-186,21:00:06,,,,
13,12080,86,12080,12085,0,0,28,16,-20,7,48,38,10,21:00:06,,,,
14,12085,130,12075,12080,-1,-1,82,20,0,0,0,130,-130,21:00:07,,,,
15,12080,226,12080,12085,1,1,1,33,0,0,226,0,226,21:00:07,,,,
16,12085,30,12080,12085,0,0,38,30,37,-3,16,14,2,21:00:08,,,,
17,12085,104,12085,12090,1,1,20,14,0,0,104,0,104,21:00:08,,,,
18,12095,100,12090,12095,1,1,12,9,0,0,100,0,100,21:00:09,,,,
19,12090,70,12085,12090,-1,-1,40,12,0,0,0,70,-70,21:00:09,,,,
20,12085,152,12085,12090,0,0,9,2,-31,-10,18,134,-116,21:00:10,,,,
21,12080,84,12085,12090,0,0,1,38,-8,36,0,84,-84,21:00:10,,,,
22,12090,94,12085,12090,0,0,13,14,12,-24,56,38,18,21:00:11,,,,
23,12090,62,12090,12095,1,1,5,24,0,0,62,0,62,21:00:11,,,,
24,12095,62,12090,12095,0,0,19,19,14,-5,26,36,-10,21:00:12,,,,
25,12095,108,12095,12100,1,1,1,17,0,0,108,0,108,21:00:12,,,,
26,12095,76,12095,12100,0,0,15,24,14,7,60,16,44,21:00:13,,,,
27,12095,92,12090,12095,-1,-1,68,2,0,0,0,92,-92,21:00:13,,,,
28,12095,20,12095,12100,1,1,16,16,0,0,20,0,20,21:00:14,,,,
29,12095,90,12095,12100,0,0,6,12,-10,-4,4,86,-82,21:00:14,,,,
30,12095,20,12095,12100,0,0,18,36,12,24,12,8,4,21:00:15,,,,
31,12095,140,12100,12105,1,1,10,7,0,0,140,0,140,21:00:15,,,,
32,12100,36,12100,12105,0,0,40,1,30,-6,26,10,16,21:00:16,,,,
33,12105,38,12105,12110,1,1,3,29,0,0,38,0,38,21:00:16,,,,
34,12100,40,12100,12105,-1,-1,45,67,0,0,0,40,-40,21:00:17,,,,
35,12105,78,12100,12105,0,0,16,70,-29,3,34,44,-10,21:00:17,,,,
36,12100,76,12095,12100,-1,-1,36,10,0,0,0,76,-76,21:00:18,,,,
37,12100,22,12095,12100,0,0,36,13,0,3,12,10,2,21:00:18,,,,
38,12100,58,12100,12105,1,1,19,70,0,0,58,0,58,21:00:19,,,,
39,12100,14,12100,12105,0,0,25,80,6,10,6,8,-2,21:00:19,,,,
40,12105,64,12100,12105,0,0,6,68,-19,-12,22,42,-20,21:00:20,,,,
41,12100,144,12095,12100,-1,-1,46,17,0,0,0,144,-144,21:00:20,,,,
42,12100,52,12095,12100,0,0,46,7,0,-10,52,0,52,21:00:21,,,,
43,12095,26,12100,12105,1,1,3,57,0,0,26,0,26,21:00:21,,,,
44,12100,34,12100,12105,0,0,14,59,11,2,14,20,-6,21:00:22,,,,
45,12100,8,12100,12105,0,0,28,59,14,0,2,6,-4,21:00:22,,,,
46,12100,30,12100,12105,0,0,30,46,2,-13,24,6,18,21:00:23,,,,
47,12105,22,12100,12105,0,0,39,35,9,-11,18,4,14,21:00:23,,,,
48,12100,50,12100,12105,0,0,28,8,-11,-27,46,4,42,21:00:24,,,,
49,12105,40,12105,12110,1,1,10,40,0,0,40,0,40,21:00:24,,,,
50,12105,26,12105,12110,0,0,22,30,12,-10,22,4,18,21:00:25,,,,
51,12105,4,12105,12110,0,0,35,30,13,0,0,4,-4,21:00:25,,,,
52,12110,44,12105,12110,0,0,27,20,-8,-10,24,20,4,21:00:26,,,,
53,12110,16,12105,12110,0,0,31,14,4,-6,16,0,16,21:00:26,,,,
54,12105,30,12105,12110,0,0,39,24,8,10,26,4,22,21:00:27,,,,
55,12110,18,12105,12110,0,0,39,31,0,7,16,2,14,21:00:27,,,,
56,12105,26,12105,12110,0,0,37,27,-2,-4,22,4,18,21:00:28,,,,
57,12105,34,12105,12110,0,0,33,19,-4,-8,24,10,14,21:00:28,,,,
58,12110,92,12105,12110,0,0,16,3,-17,-16,48,44,4,21:00:29,,,,
59,12110,2,12105,12110,0,0,25,17,9,14,2,0,2,21:00:29,,,,
60,12110,54,12105,12110,0,0,33,8,8,-9,54,0,54,21:00:30,,,,
61,12110,32,12110,12115,1,1,9,40,0,0,32,0,32,21:00:30,,,,
62,12110,142,12105,12110,-1,-1,23,31,0,0,0,142,-142,21:00:31,,,,
63,12105,46,12105,12110,0,0,8,44,-15,13,4,42,-38,21:00:31,,,,
64,12110,56,12100,12105,-1,-1,64,2,0,0,0,56,-56,21:00:32,,,,
65,12110,86,12105,12115,1,1,24,22,0,0,86,0,86,21:00:32,,,,
66,12105,32,12105,12115,0,0,45,18,21,-4,21,11,10,21:00:33,,,,
67,12110,22,12110,12115,1,0,9,6,0,-12,20,2,18,21:00:33,,,,
68,12105,104,12105,12110,-1,-1,26,3,0,0,0,104,-104,21:00:34,,,,
69,12105,10,12105,12110,0,0,26,26,0,23,6,4,2,21:00:34,,,,
70,12105,26,12105,12110,0,0,31,19,5,-7,24,2,22,21:00:35,,,,
71,12110,26,12105,12110,0,0,35,8,4,-11,26,0,26,21:00:35,,,,
72,12110,18,12110,12115,1,1,1,57,0,0,18,0,18,21:00:36,,,,
73,12110,54,12105,12110,-1,-1,50,10,0,0,0,54,-54,21:00:36,,,,
74,12110,24,12110,12115,1,1,1,54,0,0,24,0,24,21:00:37,,,,
75,12110,4,12105,12110,-1,-1,54,2,0,0,0,4,-4,21:00:37,,,,
76,12110,24,12110,12115,1,1,21,58,0,0,24,0,24,21:00:38,,,,
77,12115,74,12110,12115,0,0,1,59,-20,1,20,54,-34,21:00:38,,,,
78,12110,16,12105,12110,-1,-1,48,11,0,0,0,16,-16,21:00:39,,,,
79,12110,40,12110,12115,1,1,2,55,0,0,40,0,40,21:00:39,,,,
80,12110,26,12110,12115,0,0,26,51,24,-4,18,8,10,21:00:40,,,,
81,12110,2,12110,12115,0,0,39,48,13,-3,0,2,-2,21:00:40,,,,
82,12110,24,12110,12115,0,0,40,35,1,-13,18,6,12,21:00:41,,,,
83,12110,30,12110,12115,0,0,42,21,2,-14,28,2,26,21:00:41,,,,
84,12115,52,12115,12120,1,1,3,35,0,0,52,0,52,21:00:42,,,,
85,12115,2,12115,12120,0,0,38,43,35,8,0,2,-2,21:00:42,,,,
86,12115,24,12115,12120,0,0,42,30,4,-13,16,8,8,21:00:43,,,,
87,12120,66,12120,12125,1,1,9,121,0,0,66,0,66,21:00:43,,,,
88,12115,78,12115,12120,-1,-1,33,16,0,0,0,78,-78,21:00:44,,,,
89,12115,54,12115,12120,0,0,12,12,-21,-4,10,44,-34,21:00:44,,,,
90,12120,66,12115,12120,0,0,12,15,0,3,64,2,62,21:00:45,,,,
91,12115,8,12115,12120,0,0,31,17,19,2,4,4,0,21:00:45,,,,
92,12120,36,12120,12125,1,1,29,132,0,0,36,0,36,21:00:46,,,,
93,12120,22,12120,12125,0,0,34,123,5,-9,20,2,18,21:00:46,,,,
94,12120,26,12120,12125,0,0,43,113,9,-10,20,6,14,21:00:47,,,,
95,12120,8,12120,12125,0,0,56,109,13,-4,0,8,-8,21:00:47,,,,
96,12120,44,12120,12125,0,0,47,102,-9,-7,20,24,-4,21:00:48,,,,
97,12125,20,12120,12125,0,0,38,100,-9,-2,6,14,-8,21:00:48,,,,
98,12120,32,12120,12125,0,0,46,87,8,-13,28,4,24,21:00:49,,,,
99,12125,56,12120,12125,0,0,29,76,-17,-11,24,32,-8,21:00:49,,,,
100,12125,80,12120,12125,0,0,17,56,-12,-20,56,24,32,21:00:50,,,,
101,12120,38,12120,12125,0,0,28,48,11,-8,22,16,6,21:00:50,,,,
102,12125,48,12120,12125,0,0,25,35,-3,-13,38,10,28,21:00:51,,,,
103,12120,8,12120,12125,0,0,31,39,6,4,6,2,4,21:00:51,,,,
104,12125,34,12120,12125,0,0,26,27,-5,-12,24,10,14,21:00:52,,,,
105,12120,16,12120,12125,0,0,21,41,-5,14,2,14,-12,21:00:52,,,,
106,12120,52,12115,12120,-1,-1,26,3,0,0,0,52,-52,21:00:53,,,,
107,12120,12,12115,12120,0,0,26,12,0,9,12,0,12,21:00:53,,,,
108,12115,18,12115,12120,0,0,24,20,-2,8,16,2,14,21:00:54,,,,
109,12120,4,12115,12120,0,0,25,44,1,24,4,0,4,21:00:54,,,,
110,12120,22,12115,12120,0,0,30,44,5,0,22,0,22,21:00:55,,,,
111,12120,0,12115,12120,0,0,30,44,0,0,0,0,0,21:00:55,,,,
112,12120,22,12115,12120,0,0,33,35,3,-9,22,0,22,21:00:56,,,,
113,12120,48,12115,12120,0,0,34,12,1,-23,48,0,48,21:00:56,,,,
114,12120,52,12120,12125,1,1,88,46,0,0,52,0,52,21:00:57,,,,
115,12120,22,12120,12125,0,0,104,34,16,-12,14,8,6,21:00:57,,,,
116,12125,62,12125,12130,1,1,19,229,0,0,62,0,62,21:00:58,,,,
117,12120,114,12120,12125,-1,-1,72,2,0,0,0,114,-114,21:00:58,,,,
118,12120,12,12120,12125,0,0,70,2,-2,0,6,6,0,21:00:59,,,,
119,12120,56,12120,12125,0,0,46,16,-24,14,6,50,-44,21:00:59,,,,
120,12125,20,12120,12125,0,0,44,17,-2,1,20,0,20,21:01:00,,,,
121,12125,14,12120,12125,0,0,47,32,3,15,12,2,10,21:01:00,,,,
122,12125,10,12120,12125,0,0,44,31,-3,-1,4,6,-2,21:01:01,152,,,
123,12125,36,12120,12125,0,0,39,21,-5,-10,36,0,36,21:01:01,-40,,,
124,12120,6,12120,12125,0,0,41,19,2,-2,0,6,-6,21:01:02,78,,,
125,12125,2,12120,12125,0,0,42,20,1,1,2,0,2,21:01:02,162,,,
126,12125,8,12120,12125,0,0,44,16,2,-4,8,0,8,21:01:03,448,,,
127,12125,4,12120,12125,0,0,44,15,0,-1,4,0,4,21:01:03,362,,,
128,12120,10,12120,12125,0,0,43,45,-1,30,8,2,6,21:01:04,194,,,
129,12120,4,12120,12125,0,0,48,32,5,-13,2,2,0,21:01:04,304,,,
130,12125,100,12115,12120,-1,-1,45,1,0,0,0,100,-100,21:01:05,232,,,
131,12120,18,12120,12125,1,1,9,35,0,0,18,0,18,21:01:05,502,,,
132,12120,40,12115,12120,-1,-1,63,18,0,0,0,40,-40,21:01:06,612,,,
133,12120,64,12120,12125,1,1,6,45,0,0,64,0,64,21:01:06,372,,,
134,12120,6,12120,12125,0,0,15,69,9,24,4,2,2,21:01:07,518,,,
135,12125,8,12120,12125,0,0,35,69,20,0,4,4,0,21:01:07,572,,,
136,12120,48,12120,12125,0,0,31,67,-4,-2,6,42,-36,21:01:08,704,,,
137,12120,4,12120,12125,0,0,58,67,27,0,2,2,0,21:01:08,478,,,
138,12120,34,12120,12125,0,0,42,72,-16,5,0,34,-34,21:01:09,440,,,
139,12120,6,12120,12125,0,0,39,72,-3,0,0,6,-6,21:01:09,336,,,
140,12120,10,12120,12125,0,0,38,73,-1,1,8,2,6,21:01:10,202,,,
141,12120,2,12120,12125,0,0,39,77,1,4,0,2,-2,21:01:10,266,,,
142,12120,26,12120,12125,0,0,30,73,-9,-4,18,8,10,21:01:11,388,,,
143,12120,14,12120,12125,0,0,27,74,-3,1,2,12,-10,21:01:11,470,,,
144,12120,18,12120,12125,0,0,22,78,-5,4,2,16,-14,21:01:12,462,,,
145,12120,98,12115,12120,-1,-1,50,28,0,0,0,98,-98,21:01:12,390,,,
146,12120,0,12115,12120,0,0,47,39,-3,11,0,0,0,21:01:13,386,,,
147,12120,20,12115,12120,0,0,53,35,6,-4,18,2,16,21:01:13,180,,,
148,12115,4,12115,12120,0,0,52,32,-1,-3,2,2,0,21:01:14,136,,,
149,12115,14,12115,12120,0,0,51,31,-1,-1,12,2,10,21:01:14,244,,,
150,12120,4,12115,12120,0,0,51,31,0,0,4,0,4,21:01:15,224,,,
151,12115,2,12115,12120,0,0,51,33,0,2,0,2,-2,21:01:15,316,,,
152,12120,8,12115,12120,0,0,51,37,0,4,8,0,8,21:01:16,316,,,
153,12120,2,12115,12120,0,0,51,37,0,0,2,0,2,21:01:16,174,,,
154,12120,4,12115,12120,0,0,52,42,1,5,4,0,4,21:01:17,166,,,
155,12120,0,12115,12120,0,0,52,43,0,1,0,0,0,21:01:17,130,,,
156,12120,52,12115,12120,0,0,31,40,-21,-3,10,42,-32,21:01:18,174,,,
157,12115,34,12110,12115,-1,-1,59,7,0,0,0,34,-34,21:01:18,184,,,
158,12115,54,12115,12120,1,1,3,42,0,0,54,0,54,21:01:19,228,,,
159,12120,18,12115,12120,0,0,27,44,24,2,10,8,2,21:01:19,192,,,
160,12115,4,12115,12120,0,0,38,49,11,5,0,4,-4,21:01:20,188,,,
161,12115,0,12115,12120,0,0,48,44,10,-5,0,0,0,21:01:20,192,,,
162,12120,6,12115,12120,0,0,49,56,1,12,6,0,6,21:01:21,208,,,
163,12120,0,12115,12120,0,0,54,54,5,-2,0,0,0,21:01:21,352,,,
164,12115,2,12115,12120,0,0,54,57,0,3,0,2,-2,21:01:22,306,,,
165,12120,2,12115,12120,0,0,55,55,1,-2,2,0,2,21:01:22,280,,,
166,12120,32,12115,12120,0,0,57,38,2,-17,32,0,32,21:01:23,284,,,
167,12115,6,12115,12120,0,0,59,38,2,0,4,2,2,21:01:23,290,,,
168,12115,8,12115,12120,0,0,59,37,0,-1,4,4,0,21:01:24,304,,,
169,12115,4,12115,12120,0,0,57,37,-2,0,0,4,-4,21:01:24,292,,,
170,12120,26,12115,12120,0,0,53,28,-4,-9,20,6,14,21:01:25,250,,,
171,12115,4,12115,12120,0,0,51,34,-2,6,0,4,-4,21:01:25,206,,,
172,12120,26,12115,12120,0,0,51,37,0,3,6,20,-14,21:01:26,202,,,
173,12120,2,12115,12120,0,0,52,38,1,1,2,0,2,21:01:26,202,,,
174,12120,6,12115,12120,0,0,53,37,1,-1,4,2,2,21:01:27,184,,,
175,12120,6,12115,12120,0,0,52,37,-1,0,4,2,2,21:01:27,170,,,
176,12120,0,12115,12120,0,0,53,44,1,7,0,0,0,21:01:28,150,,,
177,12120,2,12115,12120,0,0,54,59,1,15,2,0,2,21:01:28,138,,,
178,12120,2,12115,12120,0,0,52,62,-2,3,2,0,2,21:01:29,120,,,
179,12115,40,12115,12120,0,0,32,63,-20,1,0,40,-40,21:01:29,108,,,
180,12115,0,12115,12120,0,0,32,64,0,1,0,0,0,21:01:30,106,,,
181,12115,10,12115,12120,0,0,36,60,4,-4,8,2,6,21:01:30,64,,,
182,12115,16,12115,12120,0,0,43,62,7,2,4,12,-8,21:01:31,10,,,
183,12120,4,12115,12120,0,0,45,61,2,-1,4,0,4,21:01:31,-16,,,
184,12120,6,12115,12120,0,0,45,59,0,-2,6,0,6,21:01:32,118,,,
185,12120,0,12115,12120,0,0,45,75,0,16,0,0,0,21:01:32,160,,,
186,12115,6,12115,12120,0,0,41,91,-4,16,2,4,-2,21:01:33,222,,,
187,12120,14,12115,12120,0,0,41,86,0,-5,10,4,6,21:01:33,136,,,
188,12120,2,12115,12120,0,0,27,88,-14,2,2,0,2,21:01:34,124,,,
189,12120,8,12115,12120,0,0,23,87,-4,-1,2,6,-4,21:01:34,112,,,
190,12120,26,12115,12120,0,0,12,86,-11,-1,4,22,-18,21:01:35,218,,,
191,12115,12,12115,12120,0,0,8,87,-4,1,0,12,-12,21:01:35,212,,,
192,12115,8,12115,12120,0,0,4,91,-4,4,0,8,-8,21:01:36,172,,,
193,12115,10,12110,12115,-1,-1,69,16,0,0,0,10,-10,21:01:36,134,,,
194,12115,2,12110,12115,0,0,69,33,0,17,2,0,2,21:01:37,108,,,
195,12115,36,12110,12115,0,0,66,26,-3,-7,36,0,36,21:01:37,152,,,
196,12115,6,12110,12115,0,0,67,20,1,-6,6,0,6,21:01:38,130,,,
197,12115,0,12110,12115,0,0,67,10,0,-10,0,0,0,21:01:38,170,,,
198,12115,20,12110,12120,0,1,68,93,1,0,20,0,20,21:01:39,152,,,
199,12115,0,12115,12120,1,0,2,99,0,6,0,0,0,21:01:39,186,,,
200,12110,82,12110,12115,-1,-1,52,36,0,0,0,82,-82,21:01:40,222,,,
201,12115,34,12110,12115,0,0,54,29,2,-7,34,0,34,21:01:40,182,,,
202,12115,70,12110,12120,0,1,55,100,1,0,70,0,70,21:01:41,90,,,
203,12110,4,12110,12115,0,-1,57,3,2,0,0,4,-4,21:01:41,126,,,
204,12110,32,12110,12115,0,0,56,16,-1,13,30,2,28,21:01:42,184,,,
205,12110,2,12110,12115,0,0,55,34,-1,18,0,2,-2,21:01:42,154,,,
206,12110,6,12110,12115,0,0,50,45,-5,11,2,4,-2,21:01:43,130,,,
207,12115,12,12110,12115,0,0,48,62,-2,17,12,0,12,21:01:43,130,,,
208,12115,10,12110,12115,0,0,44,61,-4,-1,2,8,-6,21:01:44,120,,,
209,12115,0,12110,12115,0,0,47,65,3,4,0,0,0,21:01:44,66,,,
210,12110,2,12110,12115,0,0,76,72,29,7,0,2,-2,21:01:45,138,,,
211,12115,2,12110,12115,0,0,79,72,3,0,2,0,2,21:01:45,172,,,
212,12115,2,12110,12115,0,0,83,72,4,0,2,0,2,21:01:46,108,,,
213,12115,0,12110,12115,0,0,83,75,0,3,0,0,0,21:01:46,110,,,
214,12110,20,12110,12115,0,0,73,76,-10,1,0,20,-20,21:01:47,76,,,
215,12115,2,12110,12115,0,0,71,72,-2,-4,2,0,2,21:01:47,58,,,
216,12110,2,12110,12115,0,0,72,72,1,0,0,2,-2,21:01:48,24,,,
217,12110,0,12110,12115,0,0,73,69,1,-3,0,0,0,21:01:48,34,,,
218,12115,2,12110,12115,0,0,74,65,1,-4,2,0,2,21:01:49,36,,,
219,12115,6,12110,12115,0,0,77,64,3,-1,6,0,6,21:01:49,44,,,
220,12115,2,12110,12115,0,0,80,65,3,1,2,0,2,21:01:50,22,,,
221,12115,0,12110,12115,0,0,81,65,1,0,0,0,0,21:01:50,36,,,
222,12110,6,12110,12115,0,0,84,63,3,-2,4,2,2,21:01:51,6,,,
223,12115,2,12110,12115,0,0,85,61,1,-2,2,0,2,21:01:51,0,,,
224,12110,102,12110,12115,0,0,35,60,-50,-1,2,100,-98,21:01:52,-26,,,
225,12110,68,12105,12110,-1,-1,38,4,0,0,0,68,-68,21:01:52,-28,,,
226,12110,36,12105,12110,0,0,47,6,9,2,8,28,-20,21:01:53,-140,,,
227,12110,2,12105,12110,0,0,50,12,3,6,2,0,2,21:01:53,-196,,,
228,12105,50,12105,12110,0,0,25,25,-25,13,0,50,-50,21:01:54,-164,,,
229,12105,6,12105,12110,0,0,26,30,1,5,2,4,-2,21:01:54,-174,,,
230,12105,0,12105,12110,0,0,24,32,-2,2,0,0,0,21:01:55,-238,,,
231,12105,2,12105,12110,0,0,24,38,0,6,0,2,-2,21:01:55,-244,,,
232,12110,2,12105,12110,0,0,31,38,7,0,2,0,2,21:01:56,-266,,,
233,12110,10,12105,12110,0,0,36,30,5,-8,10,0,10,21:01:56,-268,,,
234,12110,12,12105,12110,0,0,37,20,1,-10,10,2,8,21:01:57,-288,,,
235,12110,44,12110,12115,1,1,25,67,0,0,44,0,44,21:01:57,-326,,,
236,12110,4,12110,12115,0,0,29,63,4,-4,0,4,-4,21:01:58,-370,,,
237,12110,14,12110,12115,0,0,28,65,-1,2,0,14,-14,21:01:58,-332,,,
238,12110,0,12110,12115,0,0,28,66,0,1,0,0,0,21:01:59,-398,,,
239,12110,6,12110,12115,0,0,26,67,-2,1,0,6,-6,21:01:59,-298,,,
240,12110,0,12110,12115,0,0,26,68,0,1,0,0,0,21:02:00,-298,,,
241,12110,34,12110,12115,0,0,15,63,-11,-5,12,22,-10,21:02:00,-260,-128,,
242,12115,6,12110,12115,0,0,16,60,1,-3,4,2,2,21:02:01,-280,-128,,
243,12115,6,12110,12115,0,0,14,66,-2,6,2,4,-2,21:02:01,-300,-340,,
244,12110,28,12105,12110,-1,-1,52,54,0,0,0,28,-28,21:02:02,-296,-218,,
245,12105,14,12105,12110,0,0,36,66,-16,12,2,12,-10,21:02:02,-334,-172,,
246,12110,22,12105,12110,0,0,36,56,0,-10,22,0,22,21:02:03,-356,92,,
247,12110,52,12105,12110,0,0,13,60,-23,4,2,50,-48,21:02:03,-368,-6,,
248,12105,20,12105,12110,0,0,16,65,3,5,0,20,-20,21:02:04,-354,-160,,
249,12105,26,12105,12110,0,0,4,73,-12,8,4,22,-18,21:02:04,-406,-102,,
250,12110,58,12100,12105,-1,-1,91,4,0,0,0,58,-58,21:02:05,-432,-200,,
251,12110,90,12105,12110,1,1,17,51,0,0,90,0,90,21:02:05,-450,52,,
252,12110,12,12105,12110,0,0,49,48,32,-3,12,0,12,21:02:06,-408,204,,
253,12110,0,12105,12110,0,0,54,44,5,-4,0,0,0,21:02:06,-336,36,,
254,12110,0,12105,12110,0,0,54,43,0,-1,0,0,0,21:02:07,-284,234,,
255,12110,2,12105,12110,0,0,56,42,2,-1,2,0,2,21:02:07,-348,224,,
256,12110,0,12105,12110,0,0,56,42,0,0,0,0,0,21:02:08,-350,354,,
257,12110,0,12105,12110,0,0,56,47,0,5,0,0,0,21:02:08,-348,130,,
258,12110,2,12105,12110,0,0,56,51,0,4,2,0,2,21:02:09,-312,128,,
259,12110,10,12105,12110,0,0,60,47,4,-4,10,0,10,21:02:09,-312,24,,
260,12110,12,12105,12110,0,0,64,41,4,-6,10,2,8,21:02:10,-276,-74,,
261,12110,0,12105,12110,0,0,64,50,0,9,0,0,0,21:02:10,-260,6,,
262,12105,4,12105,12110,0,0,63,50,-1,0,0,4,-4,21:02:11,-258,130,,
263,12105,2,12105,12110,0,0,66,52,3,2,0,2,-2,21:02:11,-256,214,,
264,12105,0,12105,12110,0,0,69,57,3,5,0,0,0,21:02:12,-270,192,,
265,12110,2,12105,12110,0,0,69,56,0,-1,2,0,2,21:02:12,-262,128,,
266,12110,2,12105,12110,0,0,71,55,2,-1,2,0,2,21:02:13,-248,138,,
267,12110,18,12105,12110,0,0,65,44,-6,-11,18,0,18,21:02:13,-148,32,,
268,12105,34,12105,12110,0,0,57,35,-8,-9,18,16,2,21:02:14,-146,-10,,
269,12110,12,12105,12110,0,0,104,30,47,-5,12,0,12,21:02:14,-144,100,,
270,12110,68,12110,12115,1,1,81,67,0,0,68,0,68,21:02:15,-142,82,,
271,12115,4,12110,12115,0,0,98,64,17,-3,2,2,0,21:02:15,-140,176,,
272,12110,10,12110,12115,0,0,96,61,-2,-3,6,4,2,21:02:16,-76,240,,
273,12115,20,12110,12115,0,0,97,51,1,-10,20,0,20,21:02:16,-74,100,,
274,12115,0,12110,12115,0,0,97,49,0,-2,0,0,0,21:02:17,-80,86,,
275,12110,2,12110,12115,0,0,96,50,-1,1,0,2,-2,21:02:17,-62,68,,
276,12110,0,12110,12115,0,0,97,51,1,1,0,0,0,21:02:18,-66,108,,
277,12110,2,12110,12115,0,0,96,58,-1,7,0,2,-2,21:02:18,-68,116,,
278,12115,28,12110,12115,0,0,94,50,-2,-8,20,8,12,21:02:19,-36,192,,
279,12115,10,12110,12115,0,0,91,49,-3,-1,4,6,-2,21:02:19,-4,188,,
280,12115,12,12110,12115,0,0,88,47,-3,-2,6,6,0,21:02:20,-46,142,,
281,12115,2,12110,12115,0,0,90,46,2,-1,2,0,2,21:02:20,-50,142,,
282,12115,6,12110,12115,0,0,91,60,1,14,6,0,6,21:02:21,-46,162,,
283,12115,2,12110,12115,0,0,91,62,0,2,2,0,2,21:02:21,-44,308,,
284,12115,2,12110,12115,0,0,91,63,0,1,2,0,2,21:02:22,-44,262,,
285,12115,0,12110,12115,0,0,91,65,0,2,0,0,0,21:02:22,-42,238,,
286,12115,0,12110,12115,0,0,92,66,1,1,0,0,0,21:02:23,-38,246,,
287,12115,0,12110,12115,0,0,91,66,-1,0,0,0,0,21:02:23,-40,250,,
288,12115,26,12110,12115,0,0,67,54,-24,-12,26,0,26,21:02:24,-72,232,,
289,12115,8,12110,12115,0,0,68,56,1,2,6,2,4,21:02:24,-74,218,,
290,12115,2,12110,12115,0,0,78,55,10,-1,2,0,2,21:02:25,-48,202,,
291,12110,6,12110,12115,0,0,76,55,-2,0,0,6,-6,21:02:25,-40,166,,
292,12110,0,12110,12115,0,0,77,55,1,0,0,0,0,21:02:26,-52,150,,
293,12110,0,12110,12115,0,0,77,57,0,2,0,0,0,21:02:26,-54,148,,
294,12115,4,12110,12115,0,0,77,55,0,-2,4,0,4,21:02:27,-40,144,,
295,12115,2,12110,12115,0,0,77,56,0,1,2,0,2,21:02:27,-42,128,,
296,12115,0,12110,12115,0,0,78,56,1,0,0,0,0,21:02:28,-40,110,,
297,12110,2,12110,12115,0,0,77,55,-1,-1,0,2,-2,21:02:28,-40,98,,
298,12110,0,12110,12115,0,0,81,56,4,1,0,0,0,21:02:29,-40,80,,
299,12115,6,12110,12115,0,0,83,52,2,-4,6,0,6,21:02:29,-44,64,,
300,12115,30,12110,12115,0,0,83,37,0,-15,30,0,30,21:02:30,-46,60,,
301,12115,98,12115,12120,1,1,5,99,0,0,98,0,98,21:02:30,0,64,,
302,12115,22,12115,12120,0,0,58,94,53,-5,4,18,-14,21:02:31,30,40,,
303,12115,10,12115,12120,0,0,83,87,25,-7,0,10,-10,21:02:31,122,106,,
304,12115,12,12115,12120,0,0,88,58,5,-29,10,2,8,21:02:32,116,234,,
305,12120,90,12115,12120,0,0,86,13,-2,-45,90,0,90,21:02:32,102,262,,
306,12120,74,12120,12125,1,1,62,75,0,0,74,0,74,21:02:33,104,326,,
307,12120,38,12120,12125,0,0,41,79,-21,4,0,38,-38,21:02:33,194,330,,
308,12120,14,12120,12125,0,0,21,82,-20,3,0,14,-14,21:02:34,270,394,,
309,12120,42,12115,12120,-1,-1,73,36,0,0,0,42,-42,21:02:34,226,338,,
310,12120,8,12115,12120,0,0,73,9,0,-27,8,0,8,21:02:35,210,428,,
311,12120,2,12115,12120,0,0,73,7,0,-2,2,0,2,21:02:35,172,384,,
312,12120,2,12115,12120,0,0,73,6,0,-1,2,0,2,21:02:36,198,370,,
313,12120,0,12115,12120,0,0,73,8,0,2,0,0,0,21:02:36,212,346,,
314,12120,4,12115,12120,0,0,75,7,2,-1,2,2,0,21:02:37,222,330,,
315,12120,2,12115,12120,0,0,76,7,1,0,2,0,2,21:02:37,232,384,,
316,12120,4,12115,12120,0,0,76,12,0,5,4,0,4,21:02:38,230,360,,
317,12120,4,12115,12120,0,0,81,6,5,-6,4,0,4,21:02:38,196,366,,
318,12120,12,12120,12125,1,1,3,86,0,0,12,0,12,21:02:39,194,346,,
319,12120,4,12120,12125,0,0,24,86,21,0,0,4,-4,21:02:39,198,384,,
320,12120,4,12120,12125,0,0,33,86,9,0,0,4,-4,21:02:40,190,412,,
321,12120,2,12120,12125,0,0,37,85,4,-1,0,2,-2,21:02:40,186,368,,
322,12120,2,12120,12125,0,0,38,86,1,1,0,2,-2,21:02:41,264,354,,
323,12125,14,12120,12125,0,0,32,85,-6,-1,2,12,-10,21:02:41,228,354,,
324,12120,12,12120,12125,0,0,23,84,-9,-1,0,12,-12,21:02:42,156,340,,
325,12120,2,12120,12125,0,0,21,90,-2,6,0,2,-2,21:02:42,150,304,,
326,12125,2,12120,12125,0,0,20,89,-1,-1,2,0,2,21:02:43,110,240,,
327,12125,2,12120,12125,0,0,20,88,0,-1,2,0,2,21:02:43,110,240,,
328,12125,4,12120,12125,0,0,20,87,0,-1,4,0,4,21:02:44,114,234,,
329,12125,2,12120,12125,0,0,21,86,1,-1,2,0,2,21:02:44,104,170,,
330,12120,18,12120,12125,0,0,19,78,-2,-8,6,12,-6,21:02:45,114,252,,
331,12125,22,12120,12125,0,0,9,77,-10,-1,2,20,-18,21:02:45,116,288,,
332,12120,12,12120,12125,0,0,16,76,7,-1,6,6,0,21:02:46,112,220,,
333,12125,6,12120,12125,0,0,25,73,9,-3,6,0,6,21:02:46,92,202,,
334,12120,6,12120,12125,0,0,26,68,1,-5,4,2,2,21:02:47,90,166,,
335,12125,4,12120,12125,0,0,33,67,7,-1,4,0,4,21:02:47,96,154,,
336,12125,4,12120,12125,0,0,35,65,2,-2,4,0,4,21:02:48,118,142,,
337,12125,6,12120,12125,0,0,35,62,0,-3,6,0,6,21:02:48,120,154,,
338,12125,6,12120,12125,0,0,41,59,6,-3,6,0,6,21:02:49,126,162,,
339,12125,0,12120,12125,0,0,42,59,1,0,0,0,0,21:02:49,132,176,,
340,12125,2,12120,12125,0,0,43,59,1,0,2,0,2,21:02:50,136,158,,
341,12125,0,12120,12125,0,0,46,59,3,0,0,0,0,21:02:50,130,166,,
342,12120,16,12120,12125,0,0,58,60,12,1,4,12,-8,21:02:51,130,136,,
343,12120,32,12120,12125,0,0,44,60,-14,0,2,30,-28,21:02:51,130,130,,
344,12120,4,12120,12125,0,0,44,61,0,1,0,4,-4,21:02:52,120,94,,
345,12120,2,12120,12125,0,0,45,63,1,2,0,2,-2,21:02:52,90,62,,
346,12125,18,12120,12125,0,0,44,54,-1,-9,18,0,18,21:02:53,184,44,,
347,12125,30,12120,12125,0,0,44,39,0,-15,30,0,30,21:02:53,250,54,,
348,12120,18,12120,12125,0,0,42,33,-2,-6,12,6,6,21:02:54,288,124,,
349,12125,6,12120,12125,0,0,45,31,3,-2,6,0,6,21:02:54,316,142,,
350,12120,16,12120,12125,0,0,44,25,-1,-6,12,4,8,21:02:55,372,134,,
351,12125,2,12120,12125,0,0,44,24,0,-1,2,0,2,21:02:55,380,136,,
352,12125,4,12120,12125,0,0,45,27,1,3,4,0,4,21:02:56,388,122,,
353,12125,2,12120,12125,0,0,47,33,2,6,2,0,2,21:02:56,392,124,,
354,12125,2,12120,12125,0,0,47,33,0,0,2,0,2,21:02:57,394,106,,
355,12120,4,12120,12125,0,0,47,35,0,2,2,2,0,21:02:57,386,60,,
356,12125,4,12120,12125,0,0,47,37,0,2,4,0,4,21:02:58,380,10,,
357,12125,12,12120,12125,0,0,46,33,-1,-4,10,2,8,21:02:58,336,4,,
358,12120,10,12120,12125,0,0,46,30,0,-3,8,2,6,21:02:59,344,-54,,
359,12120,2,12120,12125,0,0,45,35,-1,5,0,2,-2,21:02:59,366,68,,
360,12125,14,12120,12125,0,0,55,29,10,-6,14,0,14,21:03:00,372,74,,
361,12125,0,12120,12125,0,0,57,29,2,0,0,0,0,21:03:00,376,116,,
362,12125,14,12120,12125,0,0,55,24,-2,-5,10,4,6,21:03:01,390,110,,
363,12120,14,12120,12125,0,0,56,24,1,0,12,2,10,21:03:01,400,100,,
364,12125,26,12120,12125,0,0,56,19,0,-5,26,0,26,21:03:02,404,108,,
365,12125,8,12120,12125,0,0,59,39,3,20,6,2,4,21:03:02,416,82,,
366,12125,18,12120,12125,0,0,56,34,-3,-5,18,0,18,21:03:03,470,114,,
367,12125,2,12120,12125,0,0,56,37,0,3,2,0,2,21:03:03,484,116,,
368,12125,4,12120,12125,0,0,57,37,1,0,4,0,4,21:03:04,480,126,,
369,12125,18,12120,12125,0,0,54,31,-3,-6,12,6,6,21:03:04,530,124,,
370,12125,0,12120,12125,0,0,58,34,4,3,0,0,0,21:03:05,554,122,,
371,12125,8,12120,12125,0,0,58,30,0,-4,8,0,8,21:03:05,578,128,,
372,12125,10,12120,12125,0,0,60,44,2,14,10,0,10,21:03:06,636,228,,
373,12125,0,12120,12125,0,0,60,31,0,-13,0,0,0,21:03:06,554,218,,
374,12125,4,12120,12125,0,0,60,42,0,11,2,2,0,21:03:07,552,268,,
375,12125,4,12120,12125,0,0,106,45,46,3,4,0,4,21:03:07,552,204,,
376,12125,6,12120,12125,0,0,108,23,2,-22,6,0,6,21:03:08,552,202,,
377,12125,48,12125,12130,1,1,33,215,0,0,48,0,48,21:03:08,554,206,,
378,12125,44,12125,12130,0,0,66,199,33,-16,42,2,40,21:03:09,560,248,,
379,12130,80,12125,12130,0,0,76,153,10,-46,80,0,80,21:03:09,608,296,,
380,12130,72,12125,12130,0,0,76,118,0,-35,70,2,68,21:03:10,646,370,,
381,12125,12,12125,12130,0,0,76,112,0,-6,10,2,8,21:03:10,716,456,,
382,12130,14,12125,12130,0,0,87,105,11,-7,14,0,14,21:03:11,776,518,,
383,12125,12,12125,12130,0,0,85,103,-2,-2,4,8,-4,21:03:11,784,528,,
384,12125,4,12125,12130,0,0,77,105,-8,2,0,4,-4,21:03:12,802,532,,
385,12130,8,12125,12130,0,0,75,103,-2,-2,6,2,4,21:03:12,800,538,,
386,12125,2,12125,12130,0,0,72,105,-3,2,0,2,-2,21:03:13,796,548,,
387,12130,14,12125,12130,0,0,72,99,0,-6,12,2,10,21:03:13,798,650,,
388,12130,10,12125,12130,0,0,73,94,1,-5,10,0,10,21:03:14,794,648,,
389,12130,10,12125,12130,0,0,96,90,23,-4,8,2,6,21:03:14,786,642,,
390,12130,8,12125,12130,0,0,95,90,-1,0,4,4,0,21:03:15,794,652,,
391,12130,2,12125,12130,0,0,96,91,1,1,2,0,2,21:03:15,788,648,,
392,12125,52,12125,12130,0,0,90,72,-6,-19,40,12,28,21:03:16,720,644,,
393,12130,10,12125,12130,0,0,90,66,0,-6,8,2,6,21:03:16,722,648,,
394,12130,32,12125,12130,0,0,90,51,0,-15,32,0,32,21:03:17,748,668,,
395,12130,52,12125,12130,0,0,90,25,0,-26,52,0,52,21:03:17,734,672,,
396,12130,54,12130,12135,1,1,24,77,0,0,54,0,54,21:03:18,766,700,,
397,12130,2,12130,12135,0,0,46,81,22,4,0,2,-2,21:03:18,820,752,,
398,12135,18,12130,12135,0,0,50,68,4,-13,18,0,18,21:03:19,874,838,,
399,12135,76,12130,12135,0,0,54,37,4,-31,68,8,60,21:03:19,874,870,,
400,12135,86,12135,12140,1,1,9,30,0,0,86,0,86,21:03:20,880,834,,
401,12135,58,12135,12140,0,0,50,28,41,-2,52,6,46,21:03:20,942,892,,
402,12135,0,12135,12140,0,0,57,30,7,2,0,0,0,21:03:21,1028,982,,
403,12135,28,12135,12140,0,0,50,40,-7,10,2,26,-24,21:03:21,1072,1028,,
404,12135,0,12135,12140,0,0,43,68,-7,28,0,0,0,21:03:22,1066,1022,,
405,12135,54,12135,12140,0,0,20,69,-23,1,0,54,-54,21:03:22,1040,998,,
406,12135,64,12130,12135,-1,-1,55,101,0,0,0,64,-64,21:03:23,1038,1000,,
407,12135,8,12130,12135,0,0,36,107,-19,6,4,4,0,21:03:23,984,944,,
408,12130,2,12130,12135,0,0,33,107,-3,0,0,2,-2,21:03:24,920,848,,
409,12130,0,12130,12135,0,0,32,113,-1,6,0,0,0,21:03:24,920,846,,
410,12130,8,12130,12135,0,0,29,118,-3,5,6,2,4,21:03:25,892,844,,
411,12130,0,12130,12135,0,0,30,119,1,1,0,0,0,21:03:25,888,848,,
412,12135,2,12130,12135,0,0,27,119,-3,0,2,0,2,21:03:26,890,838,,
413,12130,8,12130,12135,0,0,27,119,0,0,4,4,0,21:03:26,896,842,,
414,12135,8,12130,12135,0,0,27,121,0,2,8,0,8,21:03:27,898,858,,
415,12135,4,12130,12135,0,0,30,125,3,4,4,0,4,21:03:27,898,856,,
416,12135,6,12130,12135,0,0,35,124,5,-1,4,2,2,21:03:28,902,862,,
417,12135,0,12130,12135,0,0,38,125,3,1,0,0,0,21:03:28,904,864,,
418,12135,12,12130,12135,0,0,37,120,-1,-5,10,2,8,21:03:29,906,866,,
419,12130,2,12130,12135,0,0,36,120,-1,0,0,2,-2,21:03:29,908,864,,
420,12135,12,12130,12135,0,0,31,119,-5,-1,2,10,-8,21:03:30,916,870,,
421,12130,10,12130,12135,0,0,26,118,-5,-1,0,10,-10,21:03:30,908,908,,
422,12130,58,12125,12130,-1,-1,69,15,0,0,0,58,-58,21:03:31,870,900,,
423,12130,2,12125,12130,0,0,70,43,1,28,2,0,2,21:03:31,762,884,,
424,12130,4,12125,12130,0,0,69,69,-1,26,4,0,4,21:03:32,718,834,,
425,12130,6,12125,12130,0,0,74,72,5,3,6,0,6,21:03:32,730,832,,
426,12130,36,12125,12130,0,0,74,61,0,-11,36,0,36,21:03:33,726,830,,
427,12130,6,12125,12130,0,0,74,61,0,0,6,0,6,21:03:33,642,836,,
428,12130,2,12125,12130,0,0,76,60,2,-1,2,0,2,21:03:34,604,874,,
429,12130,4,12125,12130,0,0,79,60,3,0,4,0,4,21:03:34,648,874,,
430,12130,2,12125,12130,0,0,75,61,-4,1,2,0,2,21:03:35,664,874,,
431,12130,6,12125,12130,0,0,76,59,1,-2,6,0,6,21:03:35,710,882,,
432,12130,20,12125,12130,0,0,76,51,0,-8,20,0,20,21:03:36,704,902,,
433,12130,2,12125,12130,0,0,77,50,1,-1,2,0,2,21:03:36,708,920,,
434,12130,0,12125,12130,0,0,88,50,11,0,0,0,0,21:03:37,726,948,,
435,12130,10,12125,12130,0,0,87,48,-1,-2,6,4,2,21:03:37,728,960,,
436,12125,32,12125,12130,0,0,72,48,-15,0,2,30,-28,21:03:38,728,958,,
437,12130,6,12125,12130,0,0,72,53,0,5,6,0,6,21:03:38,728,924,,
438,12130,0,12125,12130,0,0,73,53,1,0,0,0,0,21:03:39,696,890,,
439,12130,32,12125,12130,0,0,60,53,-13,0,4,28,-24,21:03:39,698,896,,
440,12125,14,12125,12130,0,0,54,55,-6,2,0,14,-14,21:03:40,686,876,,
441,12130,2,12125,12130,0,0,54,58,0,3,2,0,2,21:03:40,666,852,,
442,12125,26,12125,12130,0,0,44,58,-10,0,0,26,-26,21:03:41,656,920,,
443,12125,0,12125,12130,0,0,43,59,-1,1,0,0,0,21:03:41,660,888,,
444,12130,30,12125,12130,0,0,39,69,-4,10,20,10,10,21:03:42,636,792,,
445,12125,78,12125,12130,0,0,7,74,-32,5,0,78,-78,21:03:42,646,796,,
446,12125,18,12120,12125,-1,-1,126,137,0,0,0,18,-18,21:03:43,668,778,,
447,12125,2,12120,12125,0,0,123,142,-3,5,2,0,2,21:03:43,592,702,,
448,12125,2,12120,12125,0,0,122,141,-1,-1,2,0,2,21:03:44,572,686,,
449,12125,4,12120,12125,0,0,142,139,20,-2,4,0,4,21:03:44,572,676,,
450,12125,4,12120,12125,0,0,149,137,7,-2,4,0,4,21:03:45,570,684,,
451,12125,48,12120,12125,0,0,144,115,-5,-22,40,8,32,21:03:45,572,688,,
452,12120,62,12120,12125,0,0,116,109,-28,-6,6,56,-50,21:03:46,582,694,,
453,12120,24,12120,12125,0,0,105,115,-11,6,0,24,-24,21:03:46,632,724,,
454,12125,2,12120,12125,0,0,105,114,0,-1,2,0,2,21:03:47,582,672,,
455,12125,8,12120,12125,0,0,106,110,1,-4,8,0,8,21:03:47,552,648,,
456,12125,0,12120,12125,0,0,107,111,1,1,0,0,0,21:03:48,552,670,,
457,12125,4,12120,12125,0,0,112,108,5,-3,4,0,4,21:03:48,556,676,,
458,12120,10,12120,12125,0,0,112,106,0,-2,6,4,2,21:03:49,552,678,,
459,12120,2,12120,12125,0,0,111,106,-1,0,0,2,-2,21:03:49,550,682,,
460,12120,4,12120,12125,0,0,111,105,0,-1,2,2,0,21:03:50,546,682,,
461,12120,0,12120,12125,0,0,112,105,1,0,0,0,0,21:03:50,544,674,,
462,12125,10,12120,12125,0,0,110,105,-2,0,2,8,-6,21:03:51,542,672,,
463,12125,0,12120,12125,0,0,105,105,-5,0,0,0,0,21:03:51,542,672,,
464,12120,2,12120,12125,0,0,104,93,-1,-12,0,2,-2,21:03:52,544,664,,
465,12120,0,12120,12125,0,0,104,93,0,0,0,0,0,21:03:52,572,662,,
466,12120,12,12120,12125,0,0,100,92,-4,-1,2,10,-8,21:03:53,574,758,,
467,12125,6,12120,12125,0,0,100,89,0,-3,6,0,6,21:03:53,576,826,,
468,12125,2,12120,12125,0,0,101,85,1,-4,2,0,2,21:03:54,550,838,,
469,12120,6,12120,12125,0,0,105,83,4,-2,4,2,2,21:03:54,526,842,,
470,12120,0,12120,12125,0,0,106,84,1,1,0,0,0,21:03:55,522,894,,
471,12125,22,12120,12125,0,0,106,81,0,-3,22,0,22,21:03:55,518,898,,
472,12125,22,12120,12125,0,0,107,57,1,-24,22,0,22,21:03:56,510,898,,
473,12125,112,12125,12130,1,1,30,98,0,0,112,0,112,21:03:56,530,922,,
474,12125,0,12125,12130,0,0,54,94,24,-4,0,0,0,21:03:57,548,942,,
475,12125,2,12125,12130,0,0,59,94,5,0,0,2,-2,21:03:57,658,1044,,
476,12125,4,12125,12130,0,0,61,94,2,0,0,4,-4,21:03:58,656,1036,,
477,12125,0,12125,12130,0,0,64,95,3,1,0,0,0,21:03:58,654,990,,
478,12125,0,12125,12130,0,0,64,95,0,0,0,0,0,21:03:59,646,990,,
479,12125,0,12125,12130,0,0,65,95,1,0,0,0,0,21:03:59,638,1004,,
480,12125,24,12125,12130,0,0,54,96,-11,1,0,24,-24,21:04:00,632,1004,,
481,12125,30,12125,12130,0,0,39,112,-15,16,2,28,-26,21:04:00,634,1010,,
482,12125,6,12125,12130,0,0,24,112,-15,0,0,6,-6,21:04:01,596,986,,
483,12125,24,12120,12125,-1,-1,126,33,0,0,0,24,-24,21:04:01,570,970,,
484,12120,6,12120,12125,0,0,125,54,-1,21,4,2,2,21:04:02,558,962,,
485,12120,8,12120,12125,0,0,121,66,-4,12,0,8,-8,21:04:02,524,940,,
486,12120,4,12120,12125,0,0,120,69,-1,3,2,2,0,21:04:03,500,970,,
487,12120,2,12120,12125,0,0,119,70,-1,1,0,2,-2,21:04:03,488,972,,
488,12125,4,12120,12125,0,0,118,74,-1,4,2,2,0,21:04:04,470,950,,
489,12125,0,12120,12125,0,0,118,74,0,0,0,0,0,21:04:04,466,996,,
490,12125,2,12120,12125,0,0,133,76,15,2,2,0,2,21:04:05,462,1016,,
491,12125,6,12120,12125,0,0,133,75,0,-1,6,0,6,21:04:05,456,1034,,
492,12125,0,12120,12125,0,0,133,75,0,0,0,0,0,21:04:06,458,1094,,
493,12125,0,12120,12125,0,0,138,75,5,0,0,0,0,21:04:06,456,1010,,
494,12125,0,12120,12125,0,0,139,73,1,-2,0,0,0,21:04:07,446,998,,
495,12125,2,12120,12125,0,0,139,72,0,-1,2,0,2,21:04:07,446,998,,
496,12125,36,12120,12125,0,0,139,60,0,-12,36,0,36,21:04:08,446,998,,
497,12125,0,12120,12125,0,0,139,57,0,-3,0,0,0,21:04:08,444,998,,
498,12125,4,12120,12125,0,0,140,56,1,-1,4,0,4,21:04:09,474,1034,,
499,12120,4,12120,12125,0,0,138,61,-2,5,0,4,-4,21:04:09,426,1034,,
500,12125,2,12120,12125,0,0,138,58,0,-3,2,0,2,21:04:10,390,1036,,
501,12125,0,12120,12125,0,0,138,56,0,-2,0,0,0,21:04:10,306,1022,,
502,12120,26,12120,12125,0,0,126,55,-12,-1,2,24,-22,21:04:11,240,1016,,
503,12125,16,12120,12125,0,0,136,51,10,-4,12,4,8,21:04:11,232,1016,,
504,12125,8,12120,12125,0,0,135,47,-1,-4,4,4,0,21:04:12,196,998,,
505,12125,4,12120,12125,0,0,135,45,0,-2,4,0,4,21:04:12,208,1008,,
506,12120,4,12120,12125,0,0,135,45,0,0,0,4,-4,21:04:13,212,1008,,
507,12120,0,12120,12125,0,0,135,46,0,1,0,0,0,21:04:13,212,1010,,
508,12120,16,12120,12125,0,0,133,40,-2,-6,12,4,8,21:04:14,210,1004,,
509,12125,2,12120,12125,0,0,134,39,1,-1,2,0,2,21:04:14,200,986,,
510,12125,0,12120,12125,0,0,135,39,1,0,0,0,0,21:04:15,198,992,,
511,12125,6,12120,12125,0,0,136,37,1,-2,6,0,6,21:04:16,194,982,,
512,12120,4,12120,12125,0,0,135,37,-1,0,0,4,-4,21:04:16,194,914,,
513,12120,0,12120,12125,0,0,135,37,0,0,0,0,0,21:04:17,198,920,,
514,12125,4,12120,12125,0,0,135,35,0,-2,4,0,4,21:04:17,166,914,,
515,12125,4,12120,12125,0,0,135,33,0,-2,4,0,4,21:04:18,160,894,,
516,12120,8,12120,12125,0,0,131,36,-4,3,0,8,-8,21:04:18,132,898,,
517,12125,2,12120,12125,0,0,132,35,1,-1,2,0,2,21:04:19,84,904,,
518,12125,2,12120,12125,0,0,132,36,0,1,2,0,2,21:04:19,22,896,,
519,12125,0,12120,12125,0,0,132,37,0,1,0,0,0,21:04:20,26,900,,
520,12125,0,12120,12125,0,0,133,41,1,4,0,0,0,21:04:20,10,890,,
521,12120,12,12120,12125,0,0,129,41,-4,0,0,12,-12,21:04:21,-50,892,,
522,12120,10,12120,12125,0,0,126,46,-3,5,4,6,-2,21:04:21,-136,892,,
523,12120,2,12120,12125,0,0,125,47,-1,1,0,2,-2,21:04:22,-194,878,,
524,12120,20,12120,12125,0,0,115,48,-10,1,0,20,-20,21:04:22,-196,870,,
525,12125,6,12120,12125,0,0,116,45,1,-3,6,0,6,21:04:23,-174,866,,
526,12125,2,12120,12125,0,0,116,40,0,-5,2,0,2,21:04:23,-194,844,,
527,12125,0,12120,12125,0,0,114,39,-2,-1,0,0,0,21:04:24,-134,850,,
528,12125,0,12120,12125,0,0,114,39,0,0,0,0,0,21:04:24,-68,852,,
529,12125,2,12120,12125,0,0,114,40,0,1,2,0,2,21:04:25,-68,852,,
530,12120,8,12120,12125,0,0,114,41,0,1,4,4,0,21:04:25,-66,826,,
531,12120,8,12120,12125,0,0,110,45,-4,4,0,8,-8,21:04:26,-64,824,,
532,12120,0,12120,12125,0,0,110,51,0,6,0,0,0,21:04:26,-68,822,,
533,12125,8,12120,12125,0,0,110,47,0,-4,8,0,8,21:04:27,-76,820,,
534,12125,0,12120,12125,0,0,110,54,0,7,0,0,0,21:04:27,-78,820,,
535,12125,0,12120,12125,0,0,110,60,0,6,0,0,0,21:04:28,-70,828,,
536,12125,0,12120,12125,0,0,110,61,0,1,0,0,0,21:04:28,-78,824,,
537,12125,0,12120,12125,0,0,110,61,0,0,0,0,0,21:04:29,-82,822,,
538,12125,0,12120,12125,0,0,113,61,3,0,0,0,0,21:04:29,-84,822,,
539,12125,0,12120,12125,0,0,113,62,0,1,0,0,0,21:04:30,-84,824,,
540,12125,2,12120,12125,0,0,113,64,0,2,2,0,2,21:04:30,-92,824,,
541,12125,0,12120,12125,0,0,113,64,0,0,0,0,0,21:04:31,-90,818,,
542,12125,0,12120,12125,0,0,113,67,0,3,0,0,0,21:04:31,-80,790,,
543,12120,6,12120,12125,0,0,111,66,-2,-1,2,4,-2,21:04:32,-70,692,,
544,12120,0,12120,12125,0,0,111,66,0,0,0,0,0,21:04:32,-12,706,,
545,12120,0,12120,12125,0,0,112,67,1,1,0,0,0,21:04:33,-16,714,,
546,12120,0,12120,12125,0,0,112,72,0,5,0,0,0,21:04:33,-20,706,,
547,12125,2,12120,12125,0,0,113,74,1,2,2,0,2,21:04:34,-26,616,,
548,12125,0,12120,12125,0,0,113,74,0,0,0,0,0,21:04:34,-62,542,,
549,12125,10,12120,12125,0,0,109,73,-4,-1,2,8,-6,21:04:35,-66,582,,
550,12125,0,12120,12125,0,0,111,74,2,1,0,0,0,21:04:35,-68,596,,
551,12125,2,12120,12125,0,0,109,76,-2,2,2,0,2,21:04:36,-78,632,,
552,12125,0,12120,12125,0,0,110,76,1,0,0,0,0,21:04:36,-80,624,,
553,12125,2,12120,12125,0,0,110,78,0,2,2,0,2,21:04:37,-84,624,,
554,12125,0,12120,12125,0,0,110,80,0,2,0,0,0,21:04:37,-104,622,,
555,12125,6,12120,12125,0,0,110,78,0,-2,6,0,6,21:04:38,-104,624,,
556,12120,16,12120,12125,0,0,102,81,-8,3,0,16,-16,21:04:38,-104,624,,
557,12120,0,12120,12125,0,0,102,81,0,0,0,0,0,21:04:39,-100,628,,
558,12125,2,12120,12125,0,0,101,81,-1,0,2,0,2,21:04:39,-88,608,,
559,12125,2,12120,12125,0,0,103,84,2,3,2,0,2,21:04:40,-94,604,,
560,12120,10,12120,12125,0,0,100,84,-3,0,6,4,2,21:04:40,-92,594,,
561,12120,0,12120,12125,0,0,101,84,1,0,0,0,0,21:04:41,-66,600,,
562,12125,2,12120,12125,0,0,101,85,0,1,2,0,2,21:04:41,-50,606,,
563,12125,2,12120,12125,0,0,101,83,0,-2,2,0,2,21:04:42,-52,608,,
564,12125,0,12120,12125,0,0,101,83,0,0,0,0,0,21:04:42,-24,612,,
565,12120,4,12120,12125,0,0,99,83,-2,0,0,4,-4,21:04:43,-22,624,,
566,12120,4,12120,12125,0,0,100,82,1,-1,2,2,0,21:04:43,-32,636,,
567,12120,0,12120,12125,0,0,100,83,0,1,0,0,0,21:04:44,42,634,,
568,12120,8,12120,12125,0,0,96,83,-4,0,0,8,-8,21:04:44,60,632,,
569,12125,2,12120,12125,0,0,96,82,0,-1,2,0,2,21:04:45,58,630,,
570,12120,6,12120,12125,0,0,95,82,-1,0,0,6,-6,21:04:46,48,618,,
571,12120,6,12120,12125,0,0,91,82,-4,0,0,6,-6,21:04:46,46,618,,
572,12120,20,12120,12125,0,0,80,82,-11,0,0,20,-20,21:04:47,36,618,,
573,12120,20,12120,12125,0,0,70,83,-10,1,0,20,-20,21:04:47,-2,630,,
574,12125,10,12120,12125,0,0,68,82,-2,-1,2,8,-6,21:04:48,28,610,,
575,12120,24,12120,12125,0,0,56,82,-12,0,0,24,-24,21:04:48,32,584,,
576,12120,0,12120,12125,0,0,56,83,0,1,0,0,0,21:04:49,24,576,,
577,12120,4,12120,12125,0,0,54,85,-2,2,0,4,-4,21:04:49,-8,548,,
578,12120,6,12120,12125,0,0,49,85,-5,0,0,6,-6,21:04:50,-8,544,,
579,12125,2,12120,12125,0,0,49,84,0,-1,2,0,2,21:04:50,-16,534,,
580,12120,8,12120,12125,0,0,56,85,7,1,0,8,-8,21:04:51,-24,522,,
581,12120,0,12120,12125,0,0,58,85,2,0,0,0,0,21:04:51,-20,524,,
582,12125,2,12120,12125,0,0,58,87,0,2,2,0,2,21:04:52,-28,514,,
583,12125,0,12120,12125,0,0,58,88,0,1,0,0,0,21:04:52,-28,514,,
584,12125,2,12120,12125,0,0,57,87,-1,-1,2,0,2,21:04:53,-20,524,,
585,12125,2,12120,12125,0,0,57,88,0,1,2,0,2,21:04:53,-20,552,,
586,12125,0,12120,12125,0,0,57,90,0,2,0,0,0,21:04:54,-16,558,,
587,12120,4,12120,12125,0,0,56,90,-1,0,0,4,-4,21:04:54,-14,562,,
588,12120,40,12120,12125,0,0,36,95,-20,5,0,40,-40,21:04:55,-6,544,,
589,12120,74,12115,12120,-1,-1,92,105,0,0,0,74,-74,21:04:55,-16,510,,
590,12115,4,12115,12120,0,0,89,110,-3,5,0,4,-4,21:04:56,-58,464,,
591,12115,2,12115,12120,0,0,88,110,-1,0,0,2,-2,21:04:56,-134,384,,
592,12115,52,12115,12120,0,0,62,110,-26,0,0,52,-52,21:04:57,-138,372,,
593,12115,122,12110,12115,-1,-1,66,27,0,0,0,122,-122,21:04:57,-162,368,,
594,12110,12,12110,12115,0,0,64,51,-2,24,2,10,-8,21:04:58,-236,312,,
595,12115,16,12110,12115,0,0,69,53,5,2,2,14,-12,21:04:58,-470,188,,
596,12115,8,12110,12115,0,0,69,52,0,-1,8,0,8,21:04:59,-478,178,,
597,12110,2,12110,12115,0,0,68,53,-1,1,0,2,-2,21:04:59,-488,166,,
598,12110,64,12110,12115,0,0,36,56,-32,3,0,64,-64,21:05:00,-476,170,,
599,12110,82,12105,12110,-1,-1,68,4,0,0,0,82,-82,21:05:00,-478,160,404,-360
600,12110,42,12105,12115,0,1,71,48,3,0,42,0,42,21:05:01,-542,90,340,-636
601,12105,6,12105,12115,0,0,69,53,-2,5,3,3,0,21:05:01,-624,10,258,-978
602,12105,38,12105,12115,0,0,63,47,-6,-6,24,14,10,21:05:02,-558,38,98,-972.4
603,12115,30,12105,12115,0,0,61,40,-2,-7,20,10,10,21:05:02,-532,38,218,-800.4
604,12105,6,12105,12110,0,-1,63,1,2,0,1,5,-4,21:05:03,-516,42,276,-705.6
605,12110,16,12105,12115,0,1,63,42,0,0,16,0,16,21:05:03,-482,42,578,-335.6
606,12105,10,12105,12110,0,-1,63,9,0,0,4,6,-2,21:05:04,-488,12,486,-475.6
607,12110,56,12105,12115,0,1,68,44,5,0,56,0,56,21:05:04,-464,24,326,-573.2
608,12110,8,12105,12110,0,-1,72,3,4,0,4,4,0,21:05:05,-466,4,430,-497.2
609,12110,16,12110,12115,1,1,8,44,0,0,16,0,16,21:05:05,-408,58,408,-338.4
610,12110,10,12110,12115,0,0,21,50,13,6,2,8,-6,21:05:06,-408,54,678,-73.2
611,12110,8,12110,12115,0,0,19,50,-2,0,0,8,-8,21:05:06,-392,64,904,196.8
612,12110,0,12110,12115,0,0,20,57,1,7,0,0,0,21:05:07,-400,58,640,-90.4
613,12110,0,12110,12115,0,0,22,57,2,0,0,0,0,21:05:07,-414,42,818,40.4
614,12110,6,12110,12115,0,0,26,57,4,0,0,6,-6,21:05:08,-414,32,808,18.4
615,12110,2,12110,12115,0,0,30,56,4,-1,0,2,-2,21:05:08,-414,32,938,148.4
616,12115,8,12110,12115,0,0,33,46,3,-10,8,0,8,21:05:09,-420,26,706,-102.8
617,12115,6,12110,12115,0,0,41,44,8,-2,2,4,-2,21:05:09,-424,20,702,-122
618,12115,0,12110,12115,0,0,42,43,1,-1,0,0,0,21:05:10,-452,22,606,-271.6
619,12115,4,12110,12115,0,0,45,45,3,2,2,2,0,21:05:10,-454,-28,504,-437.6
620,12110,4,12110,12115,0,0,42,45,-3,0,0,4,-4,21:05:11,-458,-68,574,-423.6
621,12115,6,12110,12115,0,0,42,58,0,13,6,0,6,21:05:11,-454,-148,690,-395.6
622,12115,4,12110,12115,0,0,38,61,-4,3,2,2,0,21:05:12,-460,-220,770,-414
623,12115,4,12110,12115,0,0,36,61,-2,0,4,0,4,21:05:12,-454,-222,758,-416.4
624,12115,6,12110,12115,0,0,38,60,2,-1,2,4,-2,21:05:13,-432,-236,696,-451.2
625,12115,22,12110,12115,0,0,43,50,5,-10,20,2,18,21:05:13,-436,-228,710,-435.6
626,12115,0,12110,12115,0,0,48,50,5,0,0,0,0,21:05:14,-438,-226,600,-547.2
627,12115,48,12110,12115,0,0,48,34,0,-16,42,6,36,21:05:14,-424,-212,574,-528.4
628,12110,4,12110,12115,0,0,47,38,-1,4,2,2,0,21:05:15,-420,-210,666,-426
629,12110,0,12110,12115,0,0,49,40,2,2,0,0,0,21:05:15,-384,-184,682,-306.8
630,12115,6,12110,12115,0,0,49,38,0,-2,6,0,6,21:05:16,-392,-194,764,-252.8
631,12115,2,12110,12115,0,0,51,37,2,-1,2,0,2,21:05:16,-394,-200,760,-268
632,12115,20,12110,12115,0,0,52,29,1,-8,20,0,20,21:05:17,-388,-194,626,-382.8
633,12115,6,12110,12115,0,0,53,24,1,-5,6,0,6,21:05:17,-392,-194,612,-404.8
634,12115,0,12110,12115,0,0,55,25,2,1,0,0,0,21:05:18,-368,-202,594,-384.4
635,12115,50,12115,12120,1,1,1,31,0,0,50,0,50,21:05:18,-362,-202,640,-326.4
636,12120,2,12115,12120,0,0,36,44,35,13,2,0,2,21:05:19,-366,-234,650,-362.8
637,12120,0,12115,12120,0,0,61,32,25,-12,0,0,0,21:05:19,-320,-236,776,-147.2
638,12120,46,12120,12125,1,1,26,85,0,0,46,0,46,21:05:20,-310,-288,776,-189.6
639,12125,2,12120,12125,0,0,58,78,32,-7,2,0,2,21:05:20,-312,-286,718,-249.2
640,12120,172,12120,12125,0,0,33,12,-25,-66,156,16,140,21:05:21,-268,-258,766,-79.6
641,12125,46,12125,12130,1,1,48,53,0,0,46,0,46,21:05:21,-266,-316,788,-123.2
642,12125,6,12125,12130,0,0,54,50,6,-3,0,6,-6,21:05:22,-126,-262,1072,505.6
643,12125,4,12125,12130,0,0,54,48,0,-2,2,2,0,21:05:22,-68,-262,1066,615.6
644,12125,0,12125,12130,0,0,55,56,1,8,0,0,0,21:05:23,-72,-268,1034,568.4
645,12125,0,12125,12130,0,0,55,56,0,0,0,0,0,21:05:23,-70,-244,1040,607.2
646,12130,2,12125,12130,0,0,55,55,0,-1,2,0,2,21:05:24,-50,-244,1044,651.2
647,12125,8,12125,12130,0,0,54,52,-1,-3,4,4,0,21:05:24,-56,-190,1026,686
648,12125,18,12125,12130,0,0,45,52,-9,0,0,18,-18,21:05:25,-56,-124,1014,753.2
649,12130,2,12125,12130,0,0,48,53,3,1,2,0,2,21:05:25,-56,-124,972,711.2
650,12130,0,12125,12130,0,0,48,53,0,0,0,0,0,21:05:26,-74,-140,914,598
651,12130,0,12125,12130,0,0,49,54,1,1,0,0,0,21:05:26,-74,-138,898,584.4
652,12130,4,12125,12130,0,0,49,56,0,2,4,0,4,21:05:27,-74,-142,902,583.6
653,12130,10,12125,12130,0,0,51,52,2,-4,10,0,10,21:05:27,-66,-142,898,595.6
654,12125,2,12125,12130,0,0,52,62,1,10,0,2,-2,21:05:28,-62,-140,886,594
655,12125,0,12125,12130,0,0,50,63,-2,1,0,0,0,21:05:28,-60,-130,874,598
656,12130,4,12125,12130,0,0,50,63,0,0,2,2,0,21:05:29,-62,-140,858,566
657,12130,2,12125,12130,0,0,33,70,-17,7,2,0,2,21:05:29,-62,-144,840,543.2
658,12130,0,12125,12130,0,0,32,70,-1,0,0,0,0,21:05:30,-62,-146,826,526.8
659,12125,68,12120,12125,-1,-1,45,17,0,0,0,68,-68,21:05:30,-60,-144,824,531.2
660,12125,6,12120,12125,0,0,59,56,14,39,6,0,6,21:05:31,-60,-152,822,519.6
661,12125,4,12120,12125,0,0,54,58,-5,2,4,0,4,21:05:31,-128,-218,700,182.4
662,12125,6,12120,12125,0,0,59,55,5,-3,6,0,6,21:05:32,-124,-204,674,181.2
663,12125,2,12120,12125,0,0,59,58,0,3,2,0,2,21:05:32,-120,-190,820,352
664,12120,2,12120,12125,0,0,59,58,0,0,0,2,-2,21:05:33,-114,-126,864,484.8
665,12120,6,12120,12125,0,0,58,59,-1,1,2,4,-2,21:05:33,-110,-126,922,550.8
666,12125,2,12120,12125,0,0,60,61,2,2,2,0,2,21:05:34,-112,-132,834,451.6
667,12125,2,12120,12125,0,0,62,61,2,0,2,0,2,21:05:34,-114,-140,822,426
668,12125,4,12120,12125,0,0,62,59,0,-2,4,0,4,21:05:35,-112,-174,806,373.2
669,12120,12,12120,12125,0,0,58,58,-4,-1,2,10,-8,21:05:35,-112,-178,912,474.4
670,12125,6,12120,12125,0,0,59,55,1,-3,6,0,6,21:05:36,-108,-176,914,486.8
671,12125,2,12120,12125,0,0,61,55,2,0,2,0,2,21:05:36,-110,-188,884,438.4
672,12125,0,12120,12125,0,0,63,53,2,-2,0,0,0,21:05:37,-104,-184,864,435.2
673,12125,0,12120,12125,0,0,63,53,0,0,0,0,0,21:05:37,-104,-188,848,414.4
674,12125,6,12120,12125,0,0,64,52,1,-1,6,0,6,21:05:38,-104,-208,902,444.4
675,12125,4,12120,12125,0,0,64,50,0,-2,4,0,4,21:05:38,-106,-210,878,414
676,12125,0,12120,12125,0,0,65,50,1,0,0,0,0,21:05:39,-100,-204,888,443.2
677,12125,6,12120,12125,0,0,65,47,0,-3,6,0,6,21:05:39,-102,-202,868,421.6
678,12125,14,12120,12125,0,0,68,40,3,-7,14,0,14,21:05:40,-86,-174,902,521.2
679,12125,18,12120,12125,0,0,69,31,1,-9,18,0,18,21:05:40,-80,-174,924,555.2
680,12125,36,12120,12125,0,0,71,14,2,-17,36,0,36,21:05:41,-68,-160,898,570
681,12125,30,12125,12130,1,1,36,86,0,0,30,0,30,21:05:41,-52,-118,906,660.4
682,12130,6,12125,12130,0,0,71,84,35,-2,4,2,2,21:05:42,-18,-68,944,826.4
683,12130,0,12125,12130,0,0,76,84,5,0,0,0,0,21:05:42,12,-40,962,938
684,12130,2,12125,12130,0,0,78,83,2,-1,2,0,2,21:05:43,12,-12,938,947.6
685,12130,2,12125,12130,0,0,79,82,1,-1,2,0,2,21:05:43,10,-12,886,891.6
686,12125,2,12125,12130,0,0,78,91,-1,9,0,2,-2,21:05:44,12,-20,890,890
687,12125,0,12125,12130,0,0,82,93,4,2,0,0,0,21:05:44,18,60,884,992
688,12125,0,12125,12130,0,0,83,94,1,1,0,0,0,21:05:45,16,76,816,939.2
689,12125,0,12125,12130,0,0,83,94,0,0,0,0,0,21:05:45,16,74,894,1014.8
690,12130,2,12125,12130,0,0,83,93,0,-1,2,0,2,21:05:46,24,72,928,1062.4
691,12125,12,12125,12130,0,0,82,89,-1,-4,10,2,8,21:05:46,22,68,866,991.6
692,12125,0,12125,12130,0,0,82,89,0,0,0,0,0,21:05:47,30,66,868,1007.2
693,12125,0,12125,12130,0,0,78,90,-4,1,0,0,0,21:05:47,44,42,840,978.4
694,12125,0,12125,12130,0,0,78,90,0,0,0,0,0,21:05:48,64,92,822,1060.4
695,12125,0,12125,12130,0,0,78,90,0,0,0,0,0,21:05:48,84,116,808,1115.2
696,12130,2,12125,12130,0,0,79,90,1,0,2,0,2,21:05:49,90,114,816,1132.8
697,12125,4,12125,12130,0,0,62,91,-17,1,0,4,-4,21:05:49,114,106,820,1175.2
698,12125,0,12125,12130,0,0,60,94,-2,3,0,0,0,21:05:50,116,108,830,1191.6
699,12125,4,12125,12130,0,0,59,93,-1,-1,2,2,0,21:05:50,116,100,802,1154
700,12130,2,12125,12130,0,0,60,91,1,-2,2,0,2,21:05:51,122,98,810,1171.6
701,12130,20,12125,12130,0,0,54,93,-6,2,6,14,-8,21:05:51,120,100,778,1138
702,12130,2,12125,12130,0,0,48,92,-6,-1,2,0,2,21:05:52,130,102,774,1156.4
703,12125,16,12125,12130,0,0,47,88,-1,-4,10,6,4,21:05:52,122,94,738,1094.8
704,12130,4,12125,12130,0,0,52,86,5,-2,4,0,4,21:05:53,122,102,736,1102.4
705,12130,4,12125,12130,0,0,52,84,0,-2,4,0,4,21:05:53,126,106,726,1105.2
706,12130,0,12125,12130,0,0,52,85,0,1,0,0,0,21:05:54,128,112,742,1132.4
707,12125,2,12125,12130,0,0,52,85,0,0,0,2,-2,21:05:54,130,116,798,1197.2
708,12130,2,12125,12130,0,0,52,84,0,-1,2,0,2,21:05:55,130,124,786,1194.8
709,12130,0,12125,12130,0,0,54,84,2,0,0,0,0,21:05:55,132,116,770,1173.2
710,12125,2,12125,12130,0,0,53,84,-1,0,0,2,-2,21:05:56,174,116,768,1255.2
711,12130,2,12125,12130,0,0,53,85,0,1,2,0,2,21:05:56,248,114,746,1378.8
712,12130,0,12125,12130,0,0,53,86,0,1,0,0,0,21:05:57,250,112,744,1378.4
713,12130,4,12125,12130,0,0,53,85,0,-1,4,0,4,21:05:57,254,92,724,1342.4
714,12125,2,12125,12130,0,0,52,85,-1,0,0,2,-2,21:05:58,306,70,676,1372
715,12125,6,12125,12130,0,0,48,85,-4,0,0,6,-6,21:05:58,432,-38,628,1446.4
716,12125,4,12125,12130,0,0,47,85,-1,0,0,4,-4,21:05:59,438,-40,620,1448
717,12130,30,12125,12130,0,0,33,84,-14,-1,2,28,-26,21:05:59,444,-44,552,1387.2
718,12125,20,12125,12130,0,0,23,84,-10,0,0,20,-20,21:06:00,432,-44,662,1473.2
719,12130,76,12125,12130,0,0,2,73,-21,-11,24,52,-28,21:06:00,408,-70,636,1368
720,12125,44,12120,12125,-1,-1,78,32,0,0,0,44,-44,21:06:01,452,-90,660,1456
721,12125,0,12120,12125,0,0,84,53,6,21,0,0,0,21:06:01,506,-118,612,1482.4
722,12125,2,12120,12125,0,0,79,73,-5,20,2,0,2,21:06:02,420,-138,558,1232.4
723,12125,4,12120,12125,0,0,56,88,-23,15,4,0,4,21:06:02,420,-112,560,1265.6
724,12125,62,12120,12125,0,0,26,63,-30,-25,2,60,-58,21:06:03,412,-104,526,1225.2
725,12120,12,12120,12125,0,0,20,63,-6,0,0,12,-12,21:06:03,406,-76,536,1256.8
726,12125,16,12120,12125,0,0,26,60,6,-3,8,8,0,21:06:04,352,-136,476,1016.8
727,12125,16,12120,12125,0,0,23,59,-3,-1,6,10,-4,21:06:04,324,-140,456,936
728,12125,6,12120,12125,0,0,19,58,-4,-1,2,4,-2,21:06:05,326,-140,452,936
729,12120,32,12120,12125,0,0,3,58,-16,0,0,32,-32,21:06:05,266,-142,442,803.6
730,12120,8,12115,12120,-1,-1,118,9,0,0,0,8,-8,21:06:06,264,-144,440,795.2
731,12120,34,12120,12125,1,1,3,58,0,0,34,0,34,21:06:06,216,-176,508,728.8
732,12120,10,12120,12125,0,0,11,58,8,0,0,10,-10,21:06:07,214,-186,482,686.8
733,12125,2,12120,12125,0,0,39,62,28,4,2,0,2,21:06:07,256,-158,556,878.4
734,12125,0,12120,12125,0,0,51,63,12,1,0,0,0,21:06:08,246,-168,482,772.4
735,12125,0,12120,12125,0,0,53,64,2,1,0,0,0,21:06:08,248,-166,482,778.8
736,12125,0,12120,12125,0,0,54,68,1,4,0,0,0,21:06:09,254,-166,482,790.8
737,12125,0,12120,12125,0,0,66,73,12,5,0,0,0,21:06:09,256,-168,518,828.4
738,12120,20,12120,12125,0,0,77,73,11,0,0,20,-20,21:06:10,248,-204,518,769.2
739,12125,4,12120,12125,0,0,80,72,3,-1,4,0,4,21:06:10,250,-204,552,807.2
740,12120,4,12120,12125,0,0,82,68,2,-4,2,2,0,21:06:11,230,-228,538,724.4
741,12120,0,12120,12125,0,0,85,299,3,231,0,0,0,21:06:11,234,-220,536,740
742,12120,166,12115,12120,-1,-1,122,11,0,0,0,166,-166,21:06:12,238,-222,538,747.6
743,12120,66,12115,12120,0,0,119,37,-3,26,66,0,66,21:06:12,232,-222,528,725.6
744,12120,0,12115,12120,0,0,111,31,-8,-6,0,0,0,21:06:13,66,-366,372,64.8
745,12115,4,12115,12120,0,0,109,31,-2,0,0,4,-4,21:06:13,128,-308,452,338.4
746,12115,2,12115,12120,0,0,108,33,-1,2,0,2,-2,21:06:14,130,-308,550,440.4
747,12120,4,12115,12120,0,0,106,31,-2,-2,4,0,4,21:06:14,108,-316,546,382.8
748,12115,2,12115,12120,0,0,105,31,-1,0,0,2,-2,21:06:15,106,-314,528,363.2
749,12115,0,12115,12120,0,0,105,31,0,0,0,0,0,21:06:15,74,-310,532,308
750,12120,2,12115,12120,0,0,106,31,1,0,2,0,2,21:06:16,72,-320,520,280
751,12120,0,12115,12120,0,0,107,29,1,-2,0,0,0,21:06:16,72,-322,516,273.6
752,12120,0,12115,12120,0,0,107,27,0,-2,0,0,0,21:06:17,68,-320,520,272
753,12120,0,12115,12120,0,0,107,28,0,1,0,0,0,21:06:17,66,-326,512,252.8
754,12120,0,12115,12120,0,0,107,28,0,0,0,0,0,21:06:18,46,-322,510,215.6
755,12120,0,12115,12120,0,0,108,29,1,1,0,0,0,21:06:18,40,-322,506,199.6
756,12120,0,12115,12120,0,0,108,30,0,1,0,0,0,21:06:19,40,-326,506,194.8
757,12120,6,12115,12120,0,0,107,30,-1,0,4,2,2,21:06:19,-10,-330,538,122
758,12120,0,12115,12120,0,0,107,30,0,0,0,0,0,21:06:20,-12,-322,572,161.6
759,12120,0,12115,12120,0,0,105,32,-2,2,0,0,0,21:06:20,-10,-322,520,113.6
760,12120,0,12115,12120,0,0,107,35,2,3,0,0,0,21:06:21,-56,-324,518,17.2
761,12115,2,12115,12120,0,0,106,59,-1,24,0,2,-2,21:06:21,-58,-324,522,17.2
762,12120,2,12115,12120,0,0,104,60,-2,1,2,0,2,21:06:22,-198,-324,522,-262.8
763,12115,28,12115,12120,0,0,90,53,-14,-7,0,28,-28,21:06:22,-246,-314,514,-354.8
764,12115,0,12115,12120,0,0,90,56,0,3,0,0,0,21:06:23,-238,-310,516,-332
765,12115,0,12115,12120,0,0,90,56,0,0,0,0,0,21:06:23,-266,-336,490,-445.2
766,12115,2,12115,12120,0,0,89,66,-1,10,0,2,-2,21:06:24,-266,-316,488,-423.2
767,12115,0,12115,12120,0,0,89,67,0,1,0,0,0,21:06:24,-266,-322,456,-462.4
768,12115,0,12115,12120,0,0,90,70,1,3,0,0,0,21:06:25,-270,-326,452,-479.2
769,12120,6,12115,12120,0,0,89,68,-1,-2,4,2,2,21:06:25,-270,-326,452,-479.2
770,12120,0,12115,12120,0,0,89,68,0,0,0,0,0,21:06:26,-252,-326,456,-439.2
771,12120,10,12115,12120,0,0,89,64,0,-4,10,0,10,21:06:26,-252,-326,444,-451.2
772,12115,4,12115,12120,0,0,87,63,-2,-1,0,4,-4,21:06:27,-252,-326,448,-447.2
773,12115,0,12115,12120,0,0,87,78,0,15,0,0,0,21:06:27,-242,-308,472,-381.6
774,12115,0,12115,12120,0,0,87,78,0,0,0,0,0,21:06:28,-250,-312,466,-408.4
775,12115,0,12115,12120,0,0,87,78,0,0,0,0,0,21:06:28,-260,-320,464,-440
776,12115,0,12115,12120,0,0,87,80,0,2,0,0,0,21:06:29,-258,-320,462,-438
777,12115,2,12115,12120,0,0,86,81,-1,1,0,2,-2,21:06:29,-258,-320,462,-438
778,12120,4,12115,12120,0,0,86,84,0,3,4,0,4,21:06:30,-258,-320,460,-440
779,12120,0,12115,12120,0,0,87,84,1,0,0,0,0,21:06:30,-262,-322,456,-454.4
780,12120,2,12115,12120,0,0,87,83,0,-1,2,0,2,21:06:31,-258,-318,500,-397.6
781,12120,0,12115,12120,0,0,90,86,3,3,0,0,0,21:06:31,-190,-318,500,-261.6
782,12115,6,12115,12120,0,0,87,86,-3,0,0,6,-6,21:06:32,-194,-318,496,-273.6
783,12115,0,12115,12120,0,0,87,86,0,0,0,0,0,21:06:32,-198,-318,504,-273.6
784,12115,12,12115,12120,0,0,81,86,-6,0,0,12,-12,21:06:33,-210,-324,494,-314.8
785,12115,0,12115,12120,0,0,81,92,0,6,0,0,0,21:06:33,-212,-322,488,-322.4
786,12115,0,12115,12120,0,0,81,92,0,0,0,0,0,21:06:34,-222,-334,476,-368.8
787,12120,6,12115,12120,0,0,80,89,-1,-3,6,0,6,21:06:34,-220,-334,478,-362.8
788,12115,2,12115,12120,0,0,79,90,-1,1,0,2,-2,21:06:35,-222,-334,472,-372.8
789,12115,0,12115,12120,0,0,79,90,0,0,0,0,0,21:06:35,-218,-330,476,-356
790,12115,0,12115,12120,0,0,84,90,5,0,0,0,0,21:06:36,-224,-332,478,-368.4
791,12120,2,12115,12120,0,0,84,86,0,-4,2,0,2,21:06:36,-216,-326,496,-327.2
792,12120,0,12115,12120,0,0,84,99,0,13,0,0,0,21:06:37,-222,-326,508,-327.2
793,12115,2,12115,12120,0,0,83,87,-1,-12,0,2,-2,21:06:37,-222,-326,518,-317.2
794,12115,170,12110,12115,-1,-1,95,26,0,0,0,170,-170,21:06:38,-222,-326,528,-307.2
795,12115,2,12110,12115,0,0,102,54,7,28,2,0,2,21:06:38,-224,-330,524,-320
796,12115,0,12110,12115,0,0,102,58,0,4,0,0,0,21:06:39,-400,-500,318,-1082
797,12115,0,12110,12115,0,0,100,60,-2,2,0,0,0,21:06:39,-402,-504,314,-1094.8
798,12115,10,12110,12115,0,0,97,57,-3,-3,10,0,10,21:06:40,-402,-488,314,-1075.6
799,12110,2,12110,12115,0,0,95,57,-2,0,0,2,-2,21:06:40,-408,-488,294,-1107.6
800,12115,4,12110,12115,0,0,95,59,0,2,4,0,4,21:06:41,-412,-480,304,-1096
801,12115,0,12110,12115,0,0,95,59,0,0,0,0,0,21:06:41,-432,-484,384,-1060.8
802,12115,2,12110,12115,0,0,95,60,0,1,2,0,2,21:06:42,-464,-482,354,-1152.4
803,12115,122,12110,12115,0,0,35,63,-60,3,2,120,-118,21:06:42,-494,-482,284,-1282.4
804,12110,86,12110,12115,0,0,5,68,-30,5,2,84,-82,21:06:43,-494,-482,290,-1276.4
805,12110,20,12105,12110,-1,-1,139,20,0,0,0,20,-20,21:06:43,-612,-602,144,-1802.4
806,12110,62,12110,12115,1,1,53,78,0,0,62,0,62,21:06:44,-696,-684,64,-2148.8
807,12115,14,12110,12115,0,0,106,79,53,1,14,0,14,21:06:44,-718,-700,46,-2230
808,12115,12,12110,12115,0,0,101,69,-5,-10,12,0,12,21:06:45,-654,-638,96,-1977.6
809,12115,4,12110,12115,0,0,100,58,-1,-11,4,0,4,21:06:45,-640,-624,116,-1912.8
810,12115,0,12110,12115,0,0,101,60,1,2,0,0,0,21:06:46,-628,-604,128,-1852.8
811,12115,0,12110,12115,0,0,103,59,2,-1,0,0,0,21:06:46,-624,-602,134,-1836.4
812,12115,0,12110,12115,0,0,103,71,0,12,0,0,0,21:06:47,-626,-596,132,-1835.2
813,12115,0,12110,12115,0,0,115,74,12,3,0,0,0,21:06:47,-634,-590,130,-1846
814,12115,2,12110,12115,0,0,116,73,1,-1,2,0,2,21:06:48,-634,-570,130,-1822
815,12115,0,12110,12115,0,0,109,75,-7,2,0,0,0,21:06:48,-634,-550,150,-1778
816,12115,2,12110,12115,0,0,111,75,2,0,2,0,2,21:06:49,-632,-542,150,-1764.4
817,12115,2,12110,12115,0,0,112,75,1,0,2,0,2,21:06:49,-632,-518,152,-1733.6
818,12115,0,12110,12115,0,0,113,72,1,-3,0,0,0,21:06:50,-632,-516,154,-1729.2
819,12115,6,12110,12115,0,0,114,70,1,-2,4,2,2,21:06:50,-626,-510,154,-1710
820,12115,6,12110,12115,0,0,112,70,-2,0,2,4,-2,21:06:51,-626,-504,148,-1708.8
821,12115,0,12110,12115,0,0,112,87,0,17,0,0,0,21:06:51,-624,-504,148,-1704.8
822,12115,0,12110,12115,0,0,96,87,-16,0,0,0,0,21:06:52,-628,-498,146,-1707.6
823,12115,0,12110,12115,0,0,97,90,1,3,0,0,0,21:06:52,-620,-498,144,-1693.6
824,12115,2,12110,12115,0,0,97,90,0,0,2,0,2,21:06:53,-622,-500,142,-1702
825,12115,0,12110,12115,0,0,97,90,0,0,0,0,0,21:06:53,-626,-500,240,-1612
826,12115,0,12110,12115,0,0,99,90,2,0,0,0,0,21:06:54,-628,-500,310,-1546
827,12115,0,12110,12115,0,0,99,90,0,0,0,0,0,21:06:54,-632,-502,330,-1536.4
828,12110,2,12110,12115,0,0,98,89,-1,-1,0,2,-2,21:06:55,-632,-502,328,-1538.4
829,12110,0,12110,12115,0,0,91,88,-7,-1,0,0,0,21:06:55,-630,-498,378,-1479.6
830,12110,0,12110,12115,0,0,64,88,-27,0,0,0,0,21:06:56,-634,-460,378,-1442
831,12110,34,12110,12115,0,0,32,90,-32,2,0,34,-34,21:06:56,-634,-386,378,-1353.2
832,12115,74,12110,12115,0,0,2,85,-30,-5,10,64,-54,21:06:57,-632,-382,380,-1342.4
833,12110,4,12105,12110,-1,-1,145,29,0,0,0,4,-4,21:06:57,-668,-414,344,-1488.8
834,12110,14,12105,12110,0,0,148,12,3,-17,14,0,14,21:06:58,-722,-416,280,-1663.2
835,12110,24,12110,12115,1,1,3,85,0,0,24,0,24,21:06:58,-730,-298,268,-1549.6
836,12110,4,12110,12115,0,0,19,85,16,0,0,4,-4,21:06:59,-714,-276,238,-1521.2
837,12115,28,12110,12115,0,0,7,85,-12,0,2,26,-24,21:06:59,-684,-240,266,-1390
838,12115,0,12110,12115,0,0,5,85,-2,0,0,0,0,21:07:00,-684,-252,276,-1394.4
839,12110,2,12110,12115,0,0,6,84,1,-1,0,2,-2,21:07:00,-682,-274,252,-1440.8
840,12110,4,12110,12115,0,0,4,85,-2,1,0,4,-4,21:07:01,-662,-210,258,-1318
841,12110,10,12105,12110,-1,-1,151,1,0,0,0,10,-10,21:07:01,-636,-130,256,-1172
842,12110,2,12105,12110,0,0,151,13,0,12,2,0,2,21:07:02,-596,-176,262,-1141.2
843,12110,0,12105,12110,0,0,151,54,0,41,0,0,0,21:07:02,-606,-186,250,-1185.2
844,12110,0,12105,12110,0,0,146,65,-5,11,0,0,0,21:07:03,-606,-194,254,-1190.8
845,12110,2,12105,12110,0,0,146,71,0,6,2,0,2,21:07:03,-610,-204,282,-1182.8
846,12110,4,12105,12110,0,0,146,71,0,0,4,0,4,21:07:04,-552,-200,292,-1052
847,12110,6,12105,12110,0,0,146,68,0,-3,6,0,6,21:07:04,-538,-214,272,-1060.8
848,12110,4,12105,12110,0,0,147,42,1,-26,4,0,4,21:07:05,-534,-208,324,-993.6
849,12110,4,12105,12110,0,0,147,29,0,-13,4,0,4,21:07:05,-524,-258,350,-1007.6
850,12105,2,12105,12110,0,0,142,22,-5,-7,0,2,-2,21:07:06,-518,-254,372,-968.8
851,12110,2,12105,12110,0,0,143,21,1,-1,2,0,2,21:07:06,-482,-266,434,-849.2
852,12105,4,12105,12110,0,0,141,21,-2,0,0,4,-4,21:07:07,-476,-262,342,-924.4
853,12110,6,12105,12110,0,0,140,36,-1,15,4,2,2,21:07:07,-508,-252,332,-986.4
854,12105,6,12105,12110,0,0,139,44,-1,8,4,2,2,21:07:08,-502,-256,328,-983.2
855,12110,4,12105,12110,0,0,138,55,-1,11,2,2,0,21:07:08,-502,-254,330,-978.8
856,12105,2,12105,12110,0,0,137,60,-1,5,0,2,-2,21:07:09,-500,-246,330,-965.2
857,12110,2,12105,12110,0,0,139,61,2,1,2,0,2,21:07:09,-500,-244,330,-962.8
858,12110,0,12105,12110,0,0,139,63,0,2,0,0,0,21:07:10,-502,-254,328,-980.8
859,12110,14,12105,12110,0,0,142,59,3,-4,14,0,14,21:07:10,-500,-250,328,-972
860,12105,6,12105,12110,0,0,142,57,0,-2,4,2,2,21:07:11,-480,-250,318,-942
861,12105,2,12105,12110,0,0,145,56,3,-1,0,2,-2,21:07:11,-470,-236,324,-899.2
862,12110,2,12105,12110,0,0,140,55,-5,-1,2,0,2,21:07:12,-468,-230,326,-886
863,12110,0,12105,12110,0,0,140,55,0,0,0,0,0,21:07:12,-470,-238,328,-897.6
864,12110,2,12105,12110,0,0,140,55,0,0,2,0,2,21:07:13,-302,-236,332,-555.2
865,12105,4,12105,12110,0,0,138,57,-2,2,0,4,-4,21:07:13,-368,-240,332,-692
866,12105,2,12105,12110,0,0,138,60,0,3,0,2,-2,21:07:14,-366,-236,332,-683.2
867,12110,4,12105,12110,0,0,138,58,0,-2,4,0,4,21:07:14,-366,-258,326,-715.6
868,12110,6,12105,12110,0,0,138,57,0,-1,6,0,6,21:07:15,-366,-260,306,-738
869,12110,4,12105,12110,0,0,137,56,-1,-1,2,2,0,21:07:15,-366,-292,308,-774.4
870,12110,20,12105,12110,0,0,136,46,-1,-10,20,0,20,21:07:16,-358,-286,302,-757.2
871,12110,0,12105,12110,0,0,136,45,0,-1,0,0,0,21:07:16,-358,-286,234,-825.2
872,12110,0,12105,12110,0,0,137,46,1,1,0,0,0,21:07:17,-340,-272,254,-752.4
873,12105,2,12105,12110,0,0,136,46,-1,0,0,2,-2,21:07:17,-340,-274,252,-756.8
874,12110,2,12105,12110,0,0,137,48,1,2,2,0,2,21:07:18,-340,-294,232,-800.8
875,12110,4,12105,12110,0,0,137,47,0,-1,4,0,4,21:07:18,-342,-302,230,-816.4
876,12110,6,12105,12110,0,0,137,46,0,-1,6,0,6,21:07:19,-340,-300,234,-806
877,12110,2,12105,12110,0,0,138,47,1,1,2,0,2,21:07:19,-336,-346,238,-849.2
878,12105,8,12105,12110,0,0,136,57,-2,10,4,4,0,21:07:20,-330,-342,246,-824.4
879,12105,4,12105,12110,0,0,135,60,-1,3,0,4,-4,21:07:20,-330,-340,236,-832
880,12105,0,12105,12110,0,0,135,70,0,10,0,0,0,21:07:21,-330,-386,238,-885.2
881,12105,0,12105,12110,0,0,135,73,0,3,0,0,0,21:07:21,-334,-392,234,-904.4
882,12105,2,12105,12110,0,0,134,73,-1,0,0,2,-2,21:07:22,-334,-532,232,-1074.4
883,12110,22,12105,12110,0,0,124,73,-10,0,2,20,-18,21:07:22,-332,-578,226,-1131.6
884,12110,20,12105,12110,0,0,123,64,-1,-9,18,2,16,21:07:23,-336,-574,222,-1138.8
885,12105,20,12105,12110,0,0,113,64,-10,0,0,20,-20,21:07:23,-326,-592,202,-1160.4
886,12105,0,12105,12110,0,0,113,64,0,0,0,0,0,21:07:24,-310,-576,218,-1093.2
887,12110,8,12105,12110,0,0,113,61,0,-3,8,0,8,21:07:24,-330,-596,198,-1177.2
888,12110,2,12105,12110,0,0,114,57,1,-4,2,0,2,21:07:25,-328,-598,198,-1175.6
889,12105,16,12105,12110,0,0,108,54,-6,-3,4,12,-8,21:07:25,-320,-590,180,-1168
890,12105,10,12105,12110,0,0,107,53,-1,-1,6,4,2,21:07:26,-318,-570,178,-1142
891,12105,8,12105,12110,0,0,104,52,-3,-1,2,6,-4,21:07:26,-328,-580,168,-1184
892,12110,6,12105,12110,0,0,105,50,1,-2,6,0,6,21:07:27,-326,-578,176,-1169.6
893,12105,2,12105,12110,0,0,104,51,-1,1,0,2,-2,21:07:27,-340,-582,172,-1206.4
894,12110,2,12105,12110,0,0,104,50,0,-1,2,0,2,21:07:28,-330,-580,178,-1178
895,12110,12,12105,12110,0,0,101,49,-3,-1,6,6,0,21:07:28,-332,-592,172,-1202.4
896,12110,0,12105,12110,0,0,102,55,1,6,0,0,0,21:07:29,-330,-588,172,-1193.6
897,12110,30,12105,12110,0,0,91,54,-11,-1,6,24,-18,21:07:29,-330,-588,172,-1193.6
898,12110,4,12105,12110,0,0,91,53,0,-1,4,0,4,21:07:30,-330,-588,174,-1191.6
899,12105,58,12105,12110,0,0,62,55,-29,2,0,58,-58,21:07:30,-346,-608,156,-1265.6
900,12105,4,12105,12110,0,0,61,55,-1,0,0,4,-4,21:07:31,-346,-604,154,-1262.8
901,12105,16,12105,12110,0,0,53,57,-8,2,0,16,-16,21:07:31,-404,-594,66,-1454.8
902,12110,84,12105,12110,0,0,13,60,-40,3,2,82,-80,21:07:32,-410,-604,-36,-1580.8
903,12105,28,12100,12105,-1,-1,143,51,0,0,0,28,-28,21:07:32,-426,-624,-38,-1638.8
904,12100,32,12100,12105,0,0,146,55,3,4,24,8,16,21:07:33,-500,-710,-108,-1960
905,12100,76,12100,12105,0,0,106,59,-40,4,0,76,-76,21:07:33,-528,-740,-144,-2088
906,12100,50,12100,12105,0,0,79,55,-27,-4,20,30,-10,21:07:34,-500,-722,-218,-2084.4
907,12100,72,12100,12105,0,0,44,56,-35,1,0,72,-72,21:07:34,-576,-796,-368,-2475.2
908,12100,152,12095,12105,-1,0,44,61,0,5,0,152,-152,21:07:35,-586,-808,-340,-2481.6
909,12095,6,12095,12100,0,-1,58,14,14,0,1,5,-4,21:07:35,-664,-882,-398,-2784.4
910,12095,46,12095,12100,0,0,46,10,-12,-4,28,18,10,21:07:36,-814,-1038,-508,-3381.6
911,12100,44,12100,12105,1,1,2,59,0,0,44,0,44,21:07:36,-818,-1034,-520,-3396.8
912,12100,8,12100,12105,0,0,12,63,10,4,4,4,0,21:07:37,-808,-1030,-512,-3364
913,12105,2,12100,12105,0,0,23,67,11,4,2,0,2,21:07:37,-766,-988,-470,-3187.6
914,12100,8,12100,12105,0,0,28,71,5,4,4,4,0,21:07:38,-766,-988,-470,-3187.6
915,12100,10,12100,12105,0,0,36,68,8,-3,4,6,-2,21:07:38,-762,-986,-468,-3175.2
916,12100,0,12100,12105,0,0,46,67,10,-1,0,0,0,21:07:39,-592,-992,-470,-2844.4
917,12100,14,12100,12105,0,0,44,75,-2,8,10,4,6,21:07:39,-596,-998,-476,-2865.6
918,12100,12,12100,12105,0,0,42,76,-2,1,2,10,-8,21:07:40,-596,-998,-480,-2869.6
919,12100,2,12100,12105,0,0,43,78,1,2,0,2,-2,21:07:40,-590,-998,-486,-2863.6
920,12100,8,12100,12105,0,0,35,78,-8,0,0,8,-8,21:07:41,-608,-1020,-490,-2930
921,12100,2,12100,12105,0,0,36,78,1,0,0,2,-2,21:07:41,-608,-1040,-488,-2952
922,12100,6,12100,12105,0,0,45,78,9,0,0,6,-6,21:07:42,-620,-1084,-494,-3034.8
923,12100,30,12100,12105,0,0,30,78,-15,0,0,30,-30,21:07:42,-622,-1116,-494,-3077.2
924,12100,28,12100,12105,0,0,16,76,-14,-2,0,28,-28,21:07:43,-630,-1124,-490,-3098.8
925,12100,22,12100,12105,0,0,141,79,125,3,0,22,-22,21:07:43,-542,-1154,-508,-2976.8
926,12100,10,12100,12105,0,0,141,73,0,-6,2,8,-6,21:07:44,-488,-1184,-534,-2930.8
927,12105,42,12100,12105,0,0,135,68,-6,-5,16,26,-10,21:07:44,-490,-1208,-558,-2987.6
928,12105,68,12100,12105,0,0,141,35,6,-33,68,0,68,21:07:45,-558,-1212,-566,-3136.4
929,12105,124,12105,12110,1,1,6,64,0,0,124,0,124,21:07:45,-582,-1222,-580,-3210.4
930,12105,18,12105,12110,0,0,14,67,8,3,2,16,-14,21:07:46,-526,-1154,-514,-2950.8
931,12105,4,12105,12110,0,0,27,68,13,1,0,4,-4,21:07:46,-406,-1030,-384,-2432
932,12105,2,12105,12110,0,0,27,68,0,0,0,2,-2,21:07:47,-420,-1046,-380,-2475.2
933,12105,6,12105,12110,0,0,24,69,-3,1,0,6,-6,21:07:47,-424,-1058,-384,-2501.6
934,12105,28,12105,12110,0,0,6,69,-18,0,0,28,-28,21:07:48,-426,-1060,-392,-2516
935,12105,6,12105,12110,0,0,3,70,-3,1,0,6,-6,21:07:48,-432,-1066,-400,-2543.2
936,12105,8,12100,12105,-1,-1,140,5,0,0,0,8,-8,21:07:49,-462,-1094,-432,-2668.8
937,12105,2,12100,12105,0,0,142,17,2,12,2,0,2,21:07:49,-468,-1100,-442,-2698
938,12105,0,12100,12105,0,0,142,21,0,4,0,0,0,21:07:50,-478,-1110,-456,-2744
939,12105,4,12100,12105,0,0,142,20,0,-1,2,2,0,21:07:50,-478,-1104,-460,-2740.8
940,12100,2,12100,12105,0,0,143,22,1,2,0,2,-2,21:07:51,-478,-1104,-460,-2740.8
941,12105,8,12100,12105,0,0,142,19,-1,-3,6,2,4,21:07:51,-480,-1104,-462,-2746.8
942,12105,4,12100,12105,0,0,141,19,-1,0,2,2,0,21:07:52,-480,-1108,-464,-2753.6
943,12105,6,12100,12105,0,0,141,16,0,-3,6,0,6,21:07:52,-476,-1096,-452,-2719.2
944,12105,0,12100,12105,0,0,141,16,0,0,0,0,0,21:07:53,-476,-1098,-424,-2693.6
945,12105,0,12100,12105,0,0,366,16,225,0,0,0,0,21:07:53,-470,-1096,-414,-2669.2
946,12105,32,12105,12110,1,1,87,67,0,0,32,0,32,21:07:54,-472,-1100,-412,-2676
947,12105,2,12105,12110,0,0,91,66,4,-1,0,2,-2,21:07:54,-472,-1104,-430,-2698.8
948,12105,4,12105,12110,0,0,95,67,4,1,0,4,-4,21:07:55,-440,-1072,-428,-2594.4
949,12105,30,12105,12110,0,0,93,55,-2,-12,24,6,18,21:07:55,-442,-1072,-436,-2606.4
950,12105,0,12105,12110,0,0,95,52,2,-3,0,0,0,21:07:56,-444,-1078,-446,-2627.6
951,12105,2,12105,12110,0,0,94,52,-1,0,0,2,-2,21:07:56,-426,-1060,-436,-2560
952,12105,2,12105,12110,0,0,93,59,-1,7,0,2,-2,21:07:57,-426,-1058,-438,-2559.6
953,12110,4,12105,12110,0,0,93,60,0,1,4,0,4,21:07:57,-394,-1062,-444,-2506.4
954,12105,42,12105,12110,0,0,72,60,-21,0,0,42,-42,21:07:58,-342,-1064,-448,-2408.8
955,12105,0,12105,12110,0,0,70,64,-2,4,0,0,0,21:07:58,-334,-1064,-446,-2390.8
956,12105,0,12105,12110,0,0,54,64,-16,0,0,0,0,21:07:59,-390,-1104,-488,-2592.8
957,12105,2,12105,12110,0,0,53,64,-1,0,0,2,-2,21:07:59,-414,-1098,-492,-2637.6
958,12105,12,12105,12110,0,0,47,64,-6,0,0,12,-12,21:08:00,-410,-1094,-500,-2632.8
959,12105,132,12105,12110,0,0,45,2,-2,-62,128,4,124,21:08:00,-388,-1070,-508,-2568
960,12115,24,12110,12115,1,1,9,55,0,0,24,0,24,21:08:01,-400,-1062,-518,-2592.4
961,12110,24,12105,12110,-1,-1,80,11,0,0,0,24,-24,21:08:01,-274,-910,-408,-2048
962,12110,0,12105,12110,0,0,66,17,-14,6,0,0,0,21:08:02,-246,-842,-384,-1886.4
963,12105,4,12105,12110,0,0,66,17,0,0,2,2,0,21:08:02,-260,-866,-414,-1973.2
964,12110,2,12105,12110,0,0,66,17,0,0,2,0,2,21:08:03,-262,-868,-424,-1989.6
965,12110,32,12105,12110,0,0,67,1,1,-16,32,0,32,21:08:03,-262,-872,-450,-2020.4
966,12110,2,12110,12115,1,1,47,52,0,0,2,0,2,21:08:04,-260,-812,-452,-1946.4
967,12110,6,12110,12115,0,0,78,52,31,0,0,6,-6,21:08:04,-230,-768,-438,-1819.6
968,12110,0,12110,12115,0,0,85,52,7,0,0,0,0,21:08:05,-232,-766,-438,-1821.2
969,12110,2,12110,12115,0,0,58,52,-27,0,0,2,-2,21:08:05,-244,-768,-448,-1857.6
970,12110,0,12110,12115,0,0,58,56,0,4,0,0,0,21:08:06,-248,-766,-454,-1869.2
971,12110,0,12110,12115,0,0,59,58,1,2,0,0,0,21:08:06,-254,-736,-456,-1847.2
972,12110,2,12110,12115,0,0,58,58,-1,0,0,2,-2,21:08:07,-252,-728,-464,-1841.6
973,12110,0,12110,12115,0,0,58,58,0,0,0,0,0,21:08:07,-254,-762,-474,-1896.4
974,12110,0,12110,12115,0,0,58,58,0,0,0,0,0,21:08:08,-252,-754,-476,-1884.8
975,12110,0,12110,12115,0,0,59,59,1,1,0,0,0,21:08:08,-254,-756,-476,-1891.2
976,12115,2,12110,12115,0,0,59,58,0,-1,2,0,2,21:08:09,-256,-756,-480,-1899.2
977,12110,2,12110,12115,0,0,58,59,-1,1,0,2,-2,21:08:09,-256,-756,-486,-1905.2
978,12110,0,12110,12115,0,0,62,59,4,0,0,0,0,21:08:10,-252,-754,-532,-1940.8
979,12110,0,12110,12115,0,0,62,59,0,0,0,0,0,21:08:10,-256,-756,-574,-1993.2
980,12115,2,12110,12115,0,0,62,59,0,0,2,0,2,21:08:11,-256,-736,-654,-2049.2
981,12115,0,12110,12115,0,0,62,65,0,6,0,0,0,21:08:11,-270,-740,-722,-2150
982,12115,2,12110,12115,0,0,57,64,-5,-1,2,0,2,21:08:12,-270,-738,-728,-2153.6
983,12115,0,12110,12115,0,0,58,64,1,0,0,0,0,21:08:12,-268,-738,-742,-2163.6
984,12110,10,12110,12115,0,0,48,65,-10,1,2,8,-6,21:08:13,-268,-570,-736,-1956
985,12115,4,12110,12115,0,0,50,63,2,-2,4,0,4,21:08:13,-268,-636,-732,-2031.2
986,12115,0,12110,12115,0,0,50,72,0,9,0,0,0,21:08:14,-276,-642,-742,-2064.4
987,12115,0,12110,12115,0,0,73,73,23,1,0,0,0,21:08:14,-268,-634,-736,-2032.8
988,12115,22,12110,12115,0,0,73,70,0,-3,22,0,22,21:08:15,-266,-632,-746,-2036.4
989,12115,0,12110,12115,0,0,73,66,0,-4,0,0,0,21:08:15,-270,-636,-756,-2059.2
990,12115,0,12110,12115,0,0,73,66,0,0,0,0,0,21:08:16,-254,-612,-740,-1982.4
991,12115,0,12110,12115,0,0,76,66,3,0,0,0,0,21:08:16,-254,-612,-740,-1982.4
992,12115,12,12110,12115,0,0,76,69,0,3,12,0,12,21:08:17,-274,-614,-742,-2026.8
993,12115,0,12110,12115,0,0,76,68,0,-1,0,0,0,21:08:17,-274,-614,-770,-2054.8
994,12115,0,12110,12115,0,0,76,68,0,0,0,0,0,21:08:18,-262,-602,-764,-2010.4
995,12115,0,12110,12115,0,0,84,68,8,0,0,0,0,21:08:18,-260,-602,-796,-2038.4
996,12115,0,12110,12115,0,0,84,68,0,0,0,0,0,21:08:19,-262,-602,-848,-2094.4
997,12115,0,12110,12115,0,0,83,69,-1,1,0,0,0,21:08:19,-266,-602,-902,-2156.4
998,12115,0,12110,12115,0,0,84,74,1,5,0,0,0,21:08:20,-272,-602,-900,-2166.4
999,12110,24,12110,12115,0,0,74,72,-10,-2,4,20,-16,21:08:20,-274,-604,-918,-2190.8
1000,12110,2,12110,12115,0,0,73,72,-1,0,0,2,-2,21:08:21,-274,-604,-978,-2250.8
1001,12110,0,12110,12115,0,0,73,73,0,1,0,0,0,21:08:21,-286,-620,-1080,-2396
1002,12115,2,12110,12115,0,0,73,72,0,-1,2,0,2,21:08:22,-288,-622,-1128,-2450.4
1003,12115,0,12110,12115,0,0,73,71,0,-1,0,0,0,21:08:22,-288,-620,-1128,-2448
1004,12115,16,12110,12115,0,0,73,63,0,-8,16,0,16,21:08:23,-284,-620,-1102,-2414
1005,12115,0,12110,12115,0,0,74,58,1,-5,0,0,0,21:08:23,-266,-592,-1102,-2344.4
1006,12115,0,12110,12115,0,0,74,63,0,5,0,0,0,21:08:24,-266,-576,-1032,-2255.2
1007,12115,2,12110,12115,0,0,73,69,-1,6,2,0,2,21:08:24,-246,-576,-968,-2151.2
1008,12115,2,12110,12115,0,0,73,71,0,2,2,0,2,21:08:25,-246,-574,-968,-2148.8
1009,12115,0,12110,12115,0,0,75,71,2,0,0,0,0,21:08:25,-252,-572,-964,-2154.4
1010,12115,8,12110,12115,0,0,75,69,0,-2,8,0,8,21:08:26,-252,-570,-962,-2150
1011,12115,2,12110,12115,0,0,76,68,1,-1,2,0,2,21:08:26,-244,-572,-966,-2140.4
1012,12115,0,12110,12115,0,0,76,68,0,0,0,0,0,21:08:27,-238,-564,-958,-2110.8
1013,12115,2,12110,12115,0,0,78,67,2,-1,2,0,2,21:08:27,-232,-572,-958,-2108.4
1014,12115,0,12110,12115,0,0,79,67,1,0,0,0,0,21:08:28,-238,-568,-958,-2115.6
1015,12115,0,12110,12115,0,0,79,71,0,4,0,0,0,21:08:28,-234,-566,-964,-2111.2
1016,12115,0,12110,12115,0,0,81,71,2,0,0,0,0,21:08:29,-236,-566,-968,-2119.2
1017,12115,0,12110,12115,0,0,81,71,0,0,0,0,0,21:08:29,-236,-566,-970,-2121.2
1018,12115,4,12110,12115,0,0,75,72,-6,1,2,2,0,21:08:30,-236,-566,-970,-2121.2
1019,12115,0,12110,12115,0,0,75,73,0,1,0,0,0,21:08:30,-218,-564,-978,-2090.8
1020,12115,2,12110,12115,0,0,75,72,0,-1,2,0,2,21:08:31,-222,-568,-976,-2101.6
1021,12115,0,12110,12115,0,0,75,73,0,1,0,0,0,21:08:31,-164,-568,-968,-1977.6
1022,12115,4,12110,12115,0,0,75,72,0,-1,4,0,4,21:08:32,-158,-568,-956,-1953.6
1023,12110,2,12110,12115,0,0,74,74,-1,2,0,2,-2,21:08:32,-142,-568,-898,-1863.6
1024,12115,2,12110,12115,0,0,75,73,1,-1,2,0,2,21:08:33,-58,-558,-896,-1681.6
1025,12110,2,12110,12115,0,0,75,75,0,2,0,2,-2,21:08:33,-32,-560,-902,-1638
1026,12110,0,12110,12115,0,0,75,75,0,0,0,0,0,21:08:34,-46,-546,-906,-1653.2
1027,12115,4,12110,12115,0,0,74,74,-1,-1,2,2,0,21:08:34,28,-548,-944,-1545.6
1028,12115,14,12110,12115,0,0,75,68,1,-6,14,0,14,21:08:35,38,-548,-950,-1531.6
1029,12115,0,12110,12115,0,0,75,65,0,-3,0,0,0,21:08:35,110,-554,-952,-1396.8
1030,12115,2,12110,12115,0,0,76,64,1,-1,2,0,2,21:08:36,276,-538,-942,-1035.6
1031,12115,4,12110,12115,0,0,76,63,0,-1,2,2,0,21:08:36,280,-538,-944,-1029.6
1032,12115,2,12110,12115,0,0,76,63,0,0,2,0,2,21:08:37,272,-536,-948,-1047.2
1033,12115,4,12110,12115,0,0,76,60,0,-3,4,0,4,21:08:37,228,-538,-968,-1157.6
1034,12115,0,12110,12115,0,0,76,60,0,0,0,0,0,21:08:38,230,-536,-968,-1151.2
1035,12110,8,12110,12115,0,0,74,60,-2,0,0,8,-8,21:08:38,232,-530,-964,-1136
1036,12115,4,12110,12115,0,0,77,60,3,0,4,0,4,21:08:39,232,-360,-966,-934
1037,12115,0,12110,12115,0,0,76,60,-1,0,0,0,0,21:08:39,226,-370,-946,-938
1038,12115,0,12110,12115,0,0,76,62,0,2,0,0,0,21:08:40,230,-366,-948,-927.2
1039,12110,2,12110,12115,0,0,76,63,0,1,0,2,-2,21:08:40,224,-366,-948,-939.2
1040,12115,4,12110,12115,0,0,76,63,0,0,4,0,4,21:08:41,232,-376,-924,-911.2
1041,12115,0,12110,12115,0,0,76,63,0,0,0,0,0,21:08:41,232,-376,-912,-899.2
1042,12115,2,12110,12115,0,0,76,62,0,-1,2,0,2,21:08:42,244,-376,-910,-873.2
1043,12110,12,12110,12115,0,0,73,59,-3,-3,6,6,0,21:08:42,246,-376,-884,-843.2
1044,12115,6,12110,12115,0,0,72,57,-1,-2,4,2,2,21:08:43,254,-376,-882,-825.2
1045,12115,4,12110,12115,0,0,72,55,0,-2,2,2,0,21:08:44,284,-258,-892,-633.6
1046,12115,2,12110,12115,0,0,74,56,2,1,2,0,2,21:08:44,314,-174,-812,-392.8
1047,12115,0,12110,12115,0,0,74,56,0,0,0,0,0,21:08:45,336,-154,-794,-306.8
1048,12115,0,12110,12115,0,0,75,56,1,0,0,0,0,21:08:45,344,-214,-794,-362.8
1049,12110,6,12110,12115,0,0,73,54,-2,-2,4,2,2,21:08:46,354,-228,-796,-361.6
1050,12115,2,12110,12115,0,0,76,50,3,-4,2,0,2,21:08:46,286,-240,-800,-516
1051,12115,2,12110,12115,0,0,76,49,0,-1,2,0,2,21:08:47,164,-242,-802,-764.4
1052,12115,10,12110,12115,0,0,76,44,0,-5,10,0,10,21:08:47,180,-240,-832,-760
1053,12110,20,12110,12115,0,0,66,44,-10,0,0,20,-20,21:08:48,186,-238,-780,-693.6
1054,12115,16,12110,12115,0,0,68,51,2,7,16,0,16,21:08:48,198,-228,-746,-623.6
1055,12110,2,12110,12115,0,0,67,55,-1,4,0,2,-2,21:08:49,184,-248,-768,-697.6
1056,12110,0,12110,12115,0,0,71,57,4,2,0,0,0,21:08:49,228,-234,-760,-584.8
1057,12110,0,12110,12115,0,0,71,58,0,1,0,0,0,21:08:50,232,-236,-762,-581.2
1058,12115,24,12110,12115,0,0,60,58,-11,0,2,22,-20,21:08:50,240,-238,-766,-571.6
1059,12115,0,12110,12115,0,0,62,58,2,0,0,0,0,21:08:51,238,-240,-768,-580
1060,12110,16,12110,12115,0,0,54,45,-8,-13,0,16,-16,21:08:51,218,-260,-786,-662
1061,12110,0,12110,12115,0,0,55,45,1,0,0,0,0,21:08:52,218,-262,-786,-664.4
1062,12110,0,12110,12115,0,0,55,45,0,0,0,0,0,21:08:52,204,-276,-802,-725.2
1063,12115,2,12110,12115,0,0,55,44,0,-1,2,0,2,21:08:53,200,-276,-796,-727.2
1064,12110,4,12110,12115,0,0,53,44,-2,0,0,4,-4,21:08:53,200,-276,-796,-727.2
1065,12110,0,12110,12115,0,0,51,44,-2,0,0,0,0,21:08:54,196,-274,-792,-728.8
1066,12110,2,12110,12115,0,0,49,43,-2,-1,0,2,-2,21:08:55,192,-280,-796,-748
1067,12115,2,12110,12115,0,0,51,42,2,-1,2,0,2,21:08:55,192,-280,-788,-740
1068,12115,0,12110,12115,0,0,58,36,7,-6,0,0,0,21:08:56,158,-282,-796,-818.4
1069,12115,2,12110,12115,0,0,69,35,11,-1,2,0,2,21:08:56,162,-280,-796,-808
1070,12110,106,12110,12115,0,0,16,35,-53,0,0,106,-106,21:08:57,166,-278,-798,-799.6
1071,12110,36,12105,12115,-1,0,111,54,0,19,0,36,-36,21:08:57,150,-276,-796,-827.2
1072,12110,0,12105,12115,0,0,110,54,-1,0,0,0,0,21:08:58,44,-382,-924,-1294.4
1073,12110,0,12105,12115,0,0,102,61,-8,7,0,0,0,21:08:58,10,-384,-982,-1422.8
1074,12115,2,12105,12110,0,-1,103,1,1,0,2,0,2,21:08:59,12,-330,-1094,-1466
1075,12110,16,12110,12115,1,1,43,59,0,0,16,0,16,21:08:59,8,-326,-1094,-1469.2
1076,12110,28,12110,12115,0,0,38,55,-5,-4,0,28,-28,21:09:00,52,-338,-1090,-1391.6
1077,12110,8,12110,12115,0,0,32,55,-6,0,0,8,-8,21:09:00,68,-346,-1070,-1349.2
1078,12110,4,12110,12115,0,0,23,64,-9,9,0,4,-4,21:09:01,40,-370,-1098,-1462
1079,12110,10,12110,12115,0,0,18,64,-5,0,0,10,-10,21:09:01,34,-354,-1106,-1462.8
1080,12110,14,12105,12115,-1,0,102,65,0,1,0,14,-14,21:09:02,42,-358,-1110,-1455.6
1081,12110,2,12105,12110,0,-1,102,2,0,0,1,1,0,21:09:02,-92,-366,-1096,-1719.2
1082,12110,0,12105,12110,0,0,102,24,0,22,0,0,0,21:09:03,-130,-376,-1084,-1795.2
1083,12110,0,12105,12110,0,0,102,27,0,3,0,0,0,21:09:03,-106,-366,-1078,-1729.2
1084,12110,4,12105,12110,0,0,101,35,-1,8,4,0,4,21:09:04,-106,-368,-1054,-1707.6
1085,12110,2,12105,12110,0,0,96,40,-5,5,2,0,2,21:09:04,-106,-368,-1056,-1709.6
1086,12110,0,12105,12110,0,0,96,42,0,2,0,0,0,21:09:05,-104,-364,-1044,-1688.8
1087,12110,2,12105,12110,0,0,96,41,0,-1,2,0,2,21:09:05,-134,-364,-1042,-1746.8
1088,12110,0,12105,12110,0,0,96,61,0,20,0,0,0,21:09:06,-136,-368,-1040,-1753.6
1089,12110,0,12105,12110,0,0,96,64,0,3,0,0,0,21:09:06,-128,-372,-1038,-1740.4
1090,12110,0,12105,12110,0,0,97,64,1,0,0,0,0,21:09:07,-128,-376,-1038,-1745.2
1091,12110,0,12105,12110,0,0,97,67,0,3,0,0,0,21:09:07,-126,-380,-1040,-1748
1092,12105,2,12105,12110,0,0,96,67,-1,0,0,2,-2,21:09:08,-126,-378,-1046,-1751.6
1093,12110,22,12105,12110,0,0,97,56,1,-11,22,0,22,21:09:08,-126,-380,-1046,-1754
1094,12110,2,12105,12110,0,0,97,50,0,-6,2,0,2,21:09:09,-126,-378,-1048,-1753.6
1095,12105,18,12105,12110,0,0,95,50,-2,0,8,10,-2,21:09:09,-104,-358,-1026,-1663.6
1096,12110,4,12105,12110,0,0,95,50,0,0,4,0,4,21:09:10,-102,-358,-1026,-1659.6
1097,12110,0,12105,12110,0,0,96,54,1,4,0,0,0,21:09:10,-104,-360,-1064,-1704
1098,12110,0,12105,12110,0,0,97,55,1,1,0,0,0,21:09:11,-102,-354,-1060,-1688.8
1099,12110,0,12105,12110,0,0,97,55,0,0,0,0,0,21:09:11,-100,-356,-1064,-1691.2
1100,12105,56,12105,12110,0,0,69,56,-28,1,0,56,-56,21:09:12,-100,-356,-1060,-1687.2
1101,12105,4,12105,12110,0,0,68,59,-1,3,0,4,-4,21:09:12,-100,-370,-1062,-1706
1102,12105,4,12105,12110,0,0,66,59,-2,0,0,4,-4,21:09:13,-158,-428,-1118,-1947.6
1103,12105,0,12105,12110,0,0,66,60,0,1,0,0,0,21:09:13,-162,-430,-1100,-1940
1104,12110,2,12105,12110,0,0,66,59,0,-1,2,0,2,21:09:14,-168,-436,-1112,-1971.2
1105,12110,0,12105,12110,0,0,66,63,0,4,0,0,0,21:09:14,-168,-436,-1112,-1971.2
1106,12105,2,12105,12110,0,0,65,64,-1,1,0,2,-2,21:09:15,-160,-436,-1114,-1957.2
1107,12105,0,12105,12110,0,0,65,60,0,-4,0,0,0,21:09:15,-164,-432,-1110,-1956.4
1108,12105,0,12105,12110,0,0,68,60,3,0,0,0,0,21:09:16,-166,-432,-1112,-1962.4
1109,12105,0,12105,12110,0,0,68,74,0,14,0,0,0,21:09:16,-166,-436,-1120,-1975.2
1110,12110,2,12105,12110,0,0,68,60,0,-14,2,0,2,21:09:17,-188,-442,-1122,-2028.4
1111,12105,10,12105,12110,0,0,67,61,-1,1,0,10,-10,21:09:17,-188,-442,-1122,-2028.4
1112,12105,0,12105,12110,0,0,67,63,0,2,0,0,0,21:09:18,-186,-460,-1126,-2050
1113,12110,8,12105,12110,0,0,67,77,0,14,8,0,8,21:09:18,-196,-470,-1132,-2088
1114,12105,4,12105,12110,0,0,66,77,-1,0,0,4,-4,21:09:19,-208,-470,-1132,-2112
1115,12105,4,12105,12110,0,0,63,62,-3,-15,0,4,-4,21:09:19,-200,-460,-1128,-2080
1116,12105,0,12105,12110,0,0,68,62,5,0,0,0,0,21:09:20,-204,-466,-1136,-2103.2
1117,12105,2,12105,12110,0,0,67,64,-1,2,0,2,-2,21:09:20,-208,-474,-1132,-2116.8
1118,12105,0,12105,12110,0,0,67,64,0,0,0,0,0,21:09:21,-208,-480,-1134,-2126
1119,12105,0,12105,12110,0,0,68,82,1,18,0,0,0,21:09:21,-210,-484,-1138,-2138.8
1120,12105,0,12105,12110,0,0,68,69,0,-13,0,0,0,21:09:22,-210,-484,-1138,-2138.8
1121,12110,6,12105,12110,0,0,67,70,-1,1,4,2,2,21:09:22,-194,-480,-1138,-2102
1122,12110,0,12105,12110,0,0,72,72,5,2,0,0,0,21:09:23,-192,-480,-1126,-2086
1123,12110,0,12105,12110,0,0,72,72,0,0,0,0,0,21:09:23,-190,-478,-1122,-2075.6
1124,12110,0,12105,12110,0,0,72,72,0,0,0,0,0,21:09:24,-192,-476,-1120,-2075.2
1125,12110,0,12105,12110,0,0,72,74,0,2,0,0,0,21:09:24,-192,-458,-1100,-2033.6
1126,12105,2,12105,12110,0,0,72,74,0,0,0,2,-2,21:09:25,-208,-474,-1106,-2090.8
1127,12105,4,12105,12110,0,0,71,73,-1,-1,2,2,0,21:09:25,-208,-454,-1108,-2068.8
1128,12105,0,12105,12110,0,0,71,75,0,2,0,0,0,21:09:26,-210,-456,-1110,-2077.2
1129,12105,0,12105,12110,0,0,72,93,1,18,0,0,0,21:09:26,-212,-464,-1110,-2090.8
1130,12105,28,12105,12110,0,0,58,94,-14,1,0,28,-28,21:09:27,-214,-466,-1112,-2099.2
1131,12105,2,12105,12110,0,0,55,76,-3,-18,0,2,-2,21:09:27,-214,-458,-1112,-2089.6
1132,12105,62,12105,12110,0,0,29,75,-26,-1,2,60,-58,21:09:28,-250,-488,-1132,-2217.6
1133,12105,0,12105,12110,0,0,30,56,1,-19,0,0,0,21:09:28,-254,-486,-1134,-2225.2
1134,12105,2,12105,12110,0,0,31,56,1,0,0,2,-2,21:09:29,-312,-550,-1200,-2484
1135,12105,2,12105,12110,0,0,30,56,-1,0,0,2,-2,21:09:29,-314,-548,-1200,-2485.6
1136,12105,2,12105,12110,0,0,27,63,-3,7,0,2,-2,21:09:30,-316,-552,-1202,-2496.4
1137,12105,2,12105,12110,0,0,27,63,0,0,0,2,-2,21:09:30,-318,-554,-1204,-2504.8
1138,12105,40,12105,12110,0,0,7,61,-20,-2,0,40,-40,21:09:31,-320,-556,-1206,-2513.2
1139,12105,0,12105,12110,0,0,12,62,5,1,0,0,0,21:09:31,-322,-540,-1208,-2500
1140,12105,42,12100,12105,-1,-1,410,4,0,0,0,42,-42,21:09:32,-362,-584,-1248,-2672.8
1141,12105,8,12100,12105,0,0,413,49,3,45,8,0,8,21:09:32,-362,-526,-1250,-2605.2
1142,12105,0,12100,12105,0,0,412,58,-1,9,0,0,0,21:09:33,-406,-564,-1292,-2780.8
1143,12105,2,12100,12105,0,0,412,61,0,3,2,0,2,21:09:33,-398,-540,-1284,-2728
1144,12100,2,12100,12105,0,0,411,61,-1,0,0,2,-2,21:09:34,-402,-460,-1282,-2638
1145,12105,4,12100,12105,0,0,412,60,1,-1,4,0,4,21:09:34,-398,-430,-1280,-2592
1146,12100,10,12100,12105,0,0,407,61,-5,1,0,10,-10,21:09:35,-402,-448,-1282,-2623.6
1147,12105,8,12100,12105,0,0,405,60,-2,-1,4,4,0,21:09:35,-396,-368,-1278,-2511.6
1148,12100,10,12100,12105,0,0,400,61,-5,1,0,10,-10,21:09:36,-406,-368,-1290,-2543.6
1149,12105,2,12100,12105,0,0,400,64,0,3,2,0,2,21:09:36,-406,-296,-1290,-2457.2
1150,12105,4,12100,12105,0,0,400,62,0,-2,4,0,4,21:09:37,-430,-154,-1294,-2338.8
1151,12105,2,12100,12105,0,0,400,61,0,-1,2,0,2,21:09:37,-428,-148,-1292,-2325.6
1152,12100,2,12100,12105,0,0,399,109,-1,48,0,2,-2,21:09:38,-426,-154,-1290,-2326.8
1153,12105,2,12100,12105,0,0,399,110,0,1,2,0,2,21:09:38,-424,-196,-1288,-2371.2
1154,12105,0,12100,12105,0,0,399,112,0,2,0,0,0,21:09:39,-428,-198,-1292,-2385.6
1155,12100,14,12100,12105,0,0,393,112,-6,0,2,12,-10,21:09:39,-430,-198,-1290,-2387.6
1156,12100,4,12100,12105,0,0,391,112,-2,0,0,4,-4,21:09:40,-430,-198,-1296,-2393.6
1157,12105,4,12100,12105,0,0,390,126,-1,14,2,2,0,21:09:40,-432,-206,-1290,-2401.2
1158,12100,4,12100,12105,0,0,389,126,-1,0,2,2,0,21:09:41,-440,-210,-1294,-2426
1159,12100,4,12100,12105,0,0,387,126,-2,0,0,4,-4,21:09:41,-440,-216,-1296,-2435.2
1160,12100,2,12100,12105,0,0,384,127,-3,1,0,2,-2,21:09:42,-440,-208,-1298,-2427.6
1161,12100,22,12100,12105,0,0,373,127,-11,0,0,22,-22,21:09:42,-442,-210,-1304,-2440
1162,12105,4,12100,12105,0,0,371,127,-2,0,2,2,0,21:09:43,-448,-204,-1306,-2446.8
1163,12105,2,12100,12105,0,0,371,126,0,-1,2,0,2,21:09:44,-470,-224,-1330,-2538.8
1164,12105,0,12100,12105,0,0,371,129,0,3,0,0,0,21:09:44,-472,-218,-1332,-2537.6
1165,12105,4,12100,12105,0,0,371,127,0,-2,4,0,4,21:09:45,-470,-186,-1330,-2493.2
1166,12105,4,12100,12105,0,0,369,129,-2,2,2,2,0,21:09:45,-472,-158,-1326,-2459.6
1167,12100,2,12100,12105,0,0,368,129,-1,0,0,2,-2,21:09:46,-468,-132,-1322,-2416.4
1168,12100,0,12100,12105,0,0,368,129,0,0,0,0,0,21:09:46,-470,-126,-1322,-2413.2
1169,12105,2,12100,12105,0,0,370,129,2,0,2,0,2,21:09:47,-472,-118,-1316,-2401.6
1170,12100,2,12100,12105,0,0,369,129,-1,0,0,2,-2,21:09:47,-472,-186,-1318,-2485.2
1171,12100,6,12100,12105,0,0,366,129,-3,0,0,6,-6,21:09:48,-472,-308,-1310,-2623.6
1172,12100,4,12100,12105,0,0,365,129,-1,0,0,4,-4,21:09:48,-476,-296,-1306,-2613.2
1173,12100,0,12100,12105,0,0,368,129,3,0,0,0,0,21:09:49,-484,-298,-1292,-2617.6
1174,12100,4,12100,12105,0,0,366,129,-2,0,0,4,-4,21:09:49,-498,-300,-1276,-2632
1175,12100,0,12100,12105,0,0,366,131,0,2,0,0,0,21:09:50,-478,-294,-1270,-2578.8
1176,12100,0,12100,12105,0,0,367,131,1,0,0,0,0,21:09:50,-498,-270,-1250,-2570
1177,12100,0,12100,12105,0,0,367,128,0,-3,0,0,0,21:09:51,-496,-264,-1250,-2558.8
1178,12100,4,12100,12105,0,0,365,129,-2,1,0,4,-4,21:09:51,-496,-256,-1246,-2545.2
1179,12100,8,12100,12105,0,0,361,129,-4,0,0,8,-8,21:09:52,-496,-258,-1240,-2541.6
1180,12105,12,12100,12105,0,0,381,126,20,-3,12,0,12,21:09:52,-480,-262,-1246,-2520.4
1181,12100,2,12100,12105,0,0,385,123,4,-3,0,2,-2,21:09:53,-488,-270,-1246,-2546
1182,12100,8,12100,12105,0,0,382,123,-3,0,0,8,-8,21:09:53,-460,-256,-1234,-2461.2
1183,12105,10,12100,12105,0,0,378,124,-4,1,2,8,-6,21:09:54,-462,-262,-1238,-2476.4
1184,12100,34,12100,12105,0,0,362,119,-16,-5,0,34,-34,21:09:54,-470,-270,-1246,-2510
1185,12100,4,12100,12105,0,0,360,121,-2,2,0,4,-4,21:09:55,-478,-282,-1254,-2548.4
1186,12100,0,12100,12105,0,0,360,122,0,1,0,0,0,21:09:55,-508,-316,-1290,-2685.2
1187,12100,40,12100,12105,0,0,340,122,-20,0,0,40,-40,21:09:56,-512,-320,-1294,-2702
1188,12100,6,12100,12105,0,0,338,121,-2,-1,2,4,-2,21:09:56,-510,-352,-1290,-2732.4
1189,12100,10,12100,12105,0,0,334,121,-4,0,2,8,-6,21:09:57,-552,-390,-1290,-2862
1190,12100,336,12100,12105,0,0,166,121,-168,0,0,336,-336,21:09:57,-554,-388,-1218,-2791.6
1191,12095,356,12095,12100,-1,-1,47,259,0,0,0,356,-356,21:09:58,-562,-412,-1220,-2838.4
1192,12090,116,12090,12095,-1,-1,81,112,0,0,0,116,-116,21:09:58,-792,-748,-1554,-4035.6
1193,12095,124,12090,12095,0,0,30,112,-51,0,16,108,-92,21:09:59,-1112,-1102,-1858,-5404.4
1194,12090,40,12090,12095,0,0,5,82,-25,-30,2,38,-36,21:09:59,-1228,-1216,-1852,-5767.2
1195,12095,46,12085,12090,-1,-1,96,15,0,0,0,46,-46,21:10:00,-1320,-1312,-1936,-6150.4
1196,12090,114,12090,12095,1,1,12,72,0,0,114,0,114,21:10:00,-1358,-1306,-1960,-6243.2
1197,12090,24,12090,12095,0,0,4,83,-8,11,0,24,-24,21:10:01,-1420,-1352,-2014,-6476.4
1198,12090,12,12090,12095,0,0,23,86,19,3,0,12,-12,21:10:01,-1278,-1238,-1898,-5939.6
1199,12095,28,12090,12095,0,0,16,98,-7,12,4,24,-20,21:10:02,-1294,-1260,-1858,-5958
1200,12095,16,12090,12095,0,0,10,78,-6,-20,8,8,0,21:10:02,-1302,-1260,-1788,-5904
1201,12090,4,12090,12095,0,0,21,68,11,-10,2,2,0,21:10:03,-1312,-1404,-1850,-6158.8
1202,12095,10,12090,12095,0,0,28,69,7,1,6,4,2,21:10:03,-1298,-1428,-1850,-6159.6
1203,12090,12,12090,12095,0,0,20,68,-8,-1,0,12,-12,21:10:04,-1298,-1404,-1860,-6140.8
1204,12095,12,12090,12095,0,0,10,66,-10,-2,4,8,-4,21:10:04,-1296,-1402,-1868,-6142.4
1205,12090,4,12090,12095,0,0,5,70,-5,4,0,4,-4,21:10:05,-1308,-1414,-1876,-6188.8
1206,12090,14,12085,12090,-1,-1,118,14,0,0,0,14,-14,21:10:05,-1316,-1420,-1896,-6232
1207,12090,42,12085,12090,0,0,114,21,-4,7,34,8,26,21:10:06,-1322,-1456,-1898,-6289.2
1208,12090,24,12085,12090,0,0,107,45,-7,24,12,12,0,21:10:06,-1336,-1472,-1968,-6406.4
1209,12085,8,12085,12090,0,0,106,58,-1,13,2,6,-4,21:10:07,-1312,-1440,-1942,-6294
1210,12090,84,12085,12090,0,0,71,56,-35,-2,10,74,-64,21:10:07,-1312,-1440,-1958,-6310
1211,12080,150,12080,12085,-1,-1,187,5,0,0,0,150,-150,21:10:08,-1316,-1442,-1956,-6318.4
1212,12080,186,12080,12085,0,0,105,84,-82,79,12,174,-162,21:10:08,-1380,-1506,-2012,-6579.2
1213,12080,308,12075,12080,-1,-1,35,45,0,0,0,308,-308,21:10:09,-1530,-1656,-2162,-7209.2
1214,12075,90,12070,12075,-1,-1,80,2,0,0,0,90,-90,21:10:09,-1690,-1816,-2324,-7883.2
1215,12075,246,12075,12080,1,1,9,25,0,0,246,0,246,21:10:10,-2020,-2124,-2626,-9214.8
1216,12075,176,12075,12080,0,0,11,19,2,-6,10,166,-156,21:10:10,-2112,-2214,-2714,-9594.8
1217,12085,152,12080,12085,1,1,14,68,0,0,152,0,152,21:10:11,-1864,-1968,-2476,-8565.6
1218,12080,50,12080,12085,0,0,47,69,33,1,40,10,30,21:10:11,-2024,-2126,-2630,-9229.2
1219,12085,22,12080,12085,0,0,69,65,22,-4,12,10,2,21:10:12,-1872,-1972,-2478,-8588.4
1220,12080,54,12080,12085,0,0,51,64,-18,-1,6,48,-42,21:10:12,-1842,-1942,-2448,-8462.4
1221,12080,22,12080,12085,0,0,64,67,13,3,0,22,-22,21:10:13,-1840,-1940,-2442,-8450
1222,12080,156,12080,12090,0,1,59,79,-5,0,140,16,124,21:10:13,-1826,-1984,-2490,-8522.8
1223,12080,46,12080,12085,0,-1,50,6,-9,0,3,43,-40,21:10:14,-1844,-2006,-2512,-8607.2
1224,12080,26,12080,12085,0,0,55,5,5,-1,14,12,2,21:10:14,-1716,-1884,-2392,-8084.8
1225,12080,50,12080,12085,0,0,59,12,4,7,42,8,34,21:10:15,-1756,-1924,-2430,-8250.8
1226,12085,14,12080,12085,0,0,69,31,10,19,10,4,6,21:10:15,-1756,-1916,-2446,-8257.2
1227,12085,6,12080,12085,0,0,70,41,1,10,6,0,6,21:10:16,-1722,-1886,-2412,-8119.2
1228,12080,16,12080,12085,0,0,66,41,-4,0,4,12,-8,21:10:16,-1714,-1880,-2442,-8126
1229,12080,10,12080,12085,0,0,68,40,2,-1,8,2,6,21:10:17,-1708,-1874,-2436,-8100.8
1230,12080,14,12080,12085,0,0,66,33,-2,-7,8,6,2,21:10:17,-1716,-1904,-2444,-8160.8
1231,12085,10,12080,12085,0,0,64,33,-2,0,4,6,-2,21:10:18,-1710,-1898,-2444,-8141.6
1232,12085,38,12080,12085,0,0,68,24,4,-9,30,8,22,21:10:18,-1710,-1896,-2444,-8139.2
1233,12085,22,12080,12085,0,0,59,25,-9,1,4,18,-14,21:10:19,-1702,-1898,-2466,-8147.6
1234,12085,56,12080,12085,0,0,53,9,-6,-16,36,20,16,21:10:19,-1680,-1888,-2450,-8075.6
1235,12080,40,12085,12090,1,1,4,62,0,0,40,0,40,21:10:20,-1702,-1902,-2464,-8150.4
1236,12085,96,12080,12085,-1,-1,45,6,0,0,0,96,-96,21:10:20,-1682,-1886,-2498,-8125.2
1237,12080,22,12080,12085,0,0,40,43,-5,37,4,18,-14,21:10:21,-1638,-1846,-2460,-7951.2
1238,12080,66,12075,12080,-1,-1,81,40,0,0,0,66,-66,21:10:21,-1734,-1942,-2556,-8354.4
1239,12080,42,12075,12080,0,0,59,55,-22,15,10,32,-22,21:10:22,-1746,-1956,-2616,-8455.2
1240,12075,102,12075,12080,0,0,5,76,-54,21,0,102,-102,21:10:22,-1812,-2022,-2684,-8734.4
1241,12075,86,12070,12075,-1,-1,85,78,0,0,0,86,-86,21:10:23,-1834,-2028,-2846,-8947.6
1242,12075,34,12070,12075,0,0,67,76,-18,-2,10,24,-14,21:10:23,-1936,-2128,-2994,-9419.6
1243,12075,100,12070,12075,0,0,23,75,-44,-1,14,86,-72,21:10:24,-2024,-2214,-3074,-9778.8
1244,12075,72,12065,12075,-1,0,83,74,0,-1,6,66,-60,21:10:24,-2038,-2230,-3088,-9840
1245,12065,44,12065,12070,0,-1,74,16,-9,0,11,33,-22,21:10:25,-2110,-2302,-3160,-10142.4
1246,12065,298,12065,12070,0,0,58,13,-16,-3,298,0,298,21:10:25,-2170,-2378,-3220,-10413.6
1247,12070,142,12065,12070,0,0,58,9,0,-4,106,36,70,21:10:26,-2192,-2400,-3244,-10508
1248,12070,204,12070,12080,1,1,64,88,0,0,204,0,204,21:10:26,-1892,-2102,-2946,-9252.4
1249,12070,62,12070,12075,0,-1,93,3,29,0,54,8,46,21:10:27,-1822,-2034,-2858,-8942.8
1250,12070,114,12070,12075,0,0,114,10,21,7,26,88,-62,21:10:27,-1618,-1832,-2656,-8090.4
1251,12075,54,12075,12080,1,1,1,65,0,0,54,0,54,21:10:28,-1572,-1786,-2610,-7897.2
1252,12075,70,12075,12080,0,0,19,68,18,3,0,70,-70,21:10:28,-1606,-1856,-2672,-8111.2
1253,12080,56,12075,12080,0,0,42,57,23,-11,20,36,-16,21:10:29,-1550,-1804,-2622,-7886.8
1254,12080,14,12075,12080,0,0,63,47,21,-10,2,12,-10,21:10:29,-1562,-1874,-2702,-8074.8
1255,12075,32,12075,12080,0,0,64,30,1,-17,24,8,16,21:10:30,-1578,-1892,-2716,-8142.4
1256,12080,68,12080,12085,1,1,1,51,0,0,68,0,68,21:10:30,-1586,-1902,-2726,-8180.4
1257,12080,20,12080,12085,0,0,29,72,28,21,2,18,-16,21:10:31,-1568,-1886,-2710,-8109.2
1258,12080,52,12080,12085,0,0,36,44,7,-28,50,2,48,21:10:31,-1498,-1818,-2644,-7821.6
1259,12080,4,12080,12085,0,0,45,45,9,1,0,4,-4,21:10:32,-1512,-1834,-2660,-7884.8
1260,12080,10,12080,12085,0,0,46,41,1,-4,4,6,-2,21:10:32,-1424,-1786,-2544,-7535.2
1261,12080,10,12080,12085,0,0,51,40,5,-1,2,8,-6,21:10:33,-1428,-1790,-2554,-7558
1262,12080,12,12080,12085,0,0,50,38,-1,-2,8,4,4,21:10:33,-1388,-1794,-2560,-7488.8
1263,12085,44,12080,12085,0,0,37,36,-13,-2,6,38,-32,21:10:34,-1402,-1800,-2572,-7536
1264,12080,64,12080,12085,0,0,38,19,1,-17,62,2,60,21:10:34,-1398,-1800,-2570,-7526
1265,12085,8,12080,12085,0,0,44,16,6,-3,4,4,0,21:10:35,-1432,-1830,-2600,-7660
1266,12085,8,12080,12085,0,0,46,13,2,-3,6,2,4,21:10:35,-1370,-1772,-2538,-7404.4
1267,12085,2,12080,12085,0,0,47,14,1,1,2,0,2,21:10:36,-1374,-1770,-2540,-7412
1268,12085,16,12080,12085,0,0,47,5,0,-9,16,0,16,21:10:36,-1360,-1766,-2538,-7377.2
1269,12085,22,12085,12090,1,1,1,69,0,0,22,0,22,21:10:37,-1358,-1764,-2540,-7372.8
1270,12085,20,12085,12090,0,0,20,83,19,14,0,20,-20,21:10:37,-1332,-1762,-2516,-7294.4
1271,12090,4,12085,12090,0,0,21,89,1,6,2,2,0,21:10:38,-1312,-1740,-2500,-7212
1272,12085,18,12085,12090,0,0,25,83,4,-6,14,4,10,21:10:38,-1336,-1762,-2522,-7308.4
1273,12085,4,12085,12090,0,0,30,84,5,1,0,4,-4,21:10:39,-1338,-1762,-2522,-7312.4
1274,12090,12,12085,12090,0,0,34,80,4,-4,10,2,8,21:10:39,-1326,-1754,-2512,-7268.8
1275,12085,4,12085,12090,0,0,38,79,4,-1,0,4,-4,21:10:40,-1332,-1762,-2522,-7300.4
1276,12090,84,12085,12090,0,0,2,76,-36,-3,10,74,-64,21:10:40,-1324,-1754,-2518,-7270.8
1277,12085,6,12080,12085,-1,-1,49,6,0,0,0,6,-6,21:10:41,-1318,-1750,-2522,-7258
1278,12085,8,12080,12085,0,0,50,7,1,1,8,0,8,21:10:41,-1378,-1818,-2592,-7529.6
1279,12085,14,12085,12090,1,1,3,74,0,0,14,0,14,21:10:42,-1384,-1824,-2612,-7568.8
1280,12085,22,12080,12085,-1,-1,54,38,0,0,0,22,-22,21:10:42,-1376,-1816,-2622,-7553.2
1281,12085,6,12080,12085,0,0,49,47,-5,9,6,0,6,21:10:43,-1358,-1800,-2644,-7520
1282,12085,2,12080,12085,0,0,61,50,12,3,2,0,2,21:10:43,-1378,-1826,-2696,-7643.2
1283,12085,2,12080,12085,0,0,64,66,3,16,2,0,2,21:10:44,-1350,-1820,-2692,-7576
1284,12085,2,12080,12085,0,0,64,68,0,2,2,0,2,21:10:44,-1348,-1820,-2690,-7570
1285,12085,0,12080,12085,0,0,65,69,1,1,0,0,0,21:10:45,-1348,-1818,-2690,-7567.6
1286,12085,14,12080,12085,0,0,67,63,2,-6,14,0,14,21:10:45,-1346,-1818,-2690,-7563.6
1287,12085,14,12080,12085,0,0,62,71,-5,8,14,0,14,21:10:46,-1350,-1818,-2688,-7569.6
1288,12085,8,12080,12085,0,0,66,67,4,-4,8,0,8,21:10:46,-1336,-1806,-2674,-7513.2
1289,12085,0,12080,12085,0,0,69,67,3,0,0,0,0,21:10:47,-1320,-1792,-2660,-7450.4
1290,12085,18,12080,12085,0,0,71,60,2,-7,16,2,14,21:10:47,-1312,-1784,-2652,-7416.8
1291,12085,84,12080,12085,0,0,66,32,-5,-28,70,14,56,21:10:48,-1314,-1786,-2654,-7425.2
1292,12085,64,12080,12085,0,0,70,13,4,-19,64,0,64,21:10:48,-1298,-1774,-2648,-7372.8
1293,12085,44,12085,12090,1,1,39,73,0,0,44,0,44,21:10:49,-1236,-1720,-2592,-7128
1294,12085,2,12085,12090,0,0,54,74,15,1,0,2,-2,21:10:49,-1168,-1666,-2528,-6863.2
1295,12085,8,12085,12090,0,0,57,74,3,0,0,8,-8,21:10:50,-1124,-1602,-2484,-6654.4
1296,12085,0,12085,12090,0,0,70,76,13,2,0,0,0,21:10:50,-1122,-1620,-2486,-6674
1297,12090,6,12085,12090,0,0,71,76,1,0,2,4,-2,21:10:51,-1130,-1626,-2496,-6707.2
1298,12085,208,12085,12090,0,0,54,4,-17,-72,168,40,128,21:10:51,-1130,-1626,-2492,-6703.2
1299,12085,20,12085,12090,0,0,61,2,7,-2,18,2,16,21:10:52,-1132,-1628,-2494,-6711.6
1300,12090,34,12090,12095,1,1,9,41,0,0,34,0,34,21:10:52,-1000,-1480,-2366,-6142
1301,12090,24,12090,12095,0,0,1,55,-8,14,0,24,-24,21:10:53,-976,-1464,-2352,-6060.8
1302,12085,10,12085,12090,-1,-1,63,92,0,0,0,10,-10,21:10:53,-954,-1414,-2310,-5914.8
1303,12090,18,12085,12090,0,0,62,90,-1,-2,2,16,-14,21:10:54,-976,-1438,-2336,-6013.6
1304,12090,0,12085,12090,0,0,62,91,0,1,0,0,0,21:10:54,-978,-1448,-2350,-6043.6
1305,12090,0,12085,12090,0,0,62,92,0,1,0,0,0,21:10:55,-986,-1464,-2368,-6096.8
1306,12090,8,12085,12090,0,0,62,88,0,-4,8,0,8,21:10:55,-952,-1460,-2372,-6028
1307,12085,6,12085,12090,0,0,59,88,-3,0,0,6,-6,21:10:56,-948,-1460,-2372,-6020
1308,12090,2,12085,12090,0,0,74,90,15,2,2,0,2,21:10:56,-940,-1450,-2362,-5982
1309,12090,6,12085,12090,0,0,69,87,-5,-3,6,0,6,21:10:57,-906,-1458,-2370,-5931.6
1310,12090,2,12085,12090,0,0,70,102,1,15,2,0,2,21:10:57,-902,-1456,-2368,-5919.2
1311,12090,16,12085,12090,0,0,68,95,-2,-7,14,2,12,21:10:58,-890,-1452,-2360,-5882.4
1312,12085,2,12085,12090,0,0,72,56,4,-39,0,2,-2,21:10:58,-552,-1344,-2360,-5076.8
1313,12085,0,12085,12090,0,0,73,53,1,-3,0,0,0,21:10:59,-184,-1296,-2348,-4271.2
1314,12090,152,12090,12095,1,1,3,44,0,0,152,0,152,21:10:59,-70,-1298,-2354,-4051.6
1315,12090,4,12090,12095,0,0,61,49,58,5,0,4,-4,21:11:00,22,-1298,-2352,-3865.6
1316,12090,6,12090,12095,0,0,71,42,10,-7,0,6,-6,21:11:00,210,-1148,-2194,-3151.6
1317,12100,200,12100,12105,1,1,59,46,0,0,200,0,200,21:11:01,252,-1168,-2194,-3091.6
1318,12100,194,12095,12100,-1,-1,9,20,0,0,0,194,-194,21:11:01,132,-1146,-2174,-3285.2
1319,12095,60,12090,12095,-1,-1,63,20,0,0,0,60,-60,21:11:02,356,-938,-1954,-2367.6
1320,12095,30,12090,12095,0,0,59,19,-4,-1,10,20,-10,21:11:02,174,-1128,-2120,-3125.6
1321,12095,24,12090,12095,0,0,60,18,1,-1,20,4,16,21:11:03,134,-1178,-2136,-3281.6
1322,12095,16,12090,12095,0,0,60,11,0,-7,16,0,16,21:11:03,124,-1174,-2146,-3306.8
1323,12095,28,12095,12100,1,1,22,35,0,0,28,0,28,21:11:04,140,-1158,-2132,-3241.6
1324,12095,2,12095,12100,0,0,46,35,24,0,0,2,-2,21:11:04,154,-1142,-2120,-3182.4
1325,12095,16,12095,12100,0,0,51,27,5,-8,0,16,-16,21:11:05,194,-1114,-2034,-2982.8
1326,12095,6,12095,12100,0,0,52,29,1,2,0,6,-6,21:11:05,196,-1120,-2024,-2976
1327,12100,6,12095,12100,0,0,55,30,3,1,2,4,-2,21:11:06,184,-1138,-2040,-3037.6
1328,12095,8,12095,12100,0,0,47,30,-8,0,0,8,-8,21:11:06,192,-1144,-2042,-3030.8
1329,12100,76,12100,12105,1,1,2,57,0,0,76,0,76,21:11:07,164,-1148,-2042,-3091.6
1330,12100,80,12100,12105,0,0,6,63,4,6,0,80,-80,21:11:07,156,-1156,-2018,-3093.2
1331,12095,18,12095,12100,-1,-1,45,61,0,0,0,18,-18,21:11:08,236,-1080,-1934,-2758
1332,12100,36,12095,12100,0,0,40,49,-5,-12,26,10,16,21:11:08,220,-1160,-2048,-3000
1333,12095,4,12095,12100,0,0,40,57,0,8,2,2,0,21:11:09,352,-1178,-2056,-2765.6
1334,12100,6,12095,12100,0,0,41,56,1,-1,6,0,6,21:11:09,530,-1160,-2042,-2374
1335,12100,8,12095,12100,0,0,41,54,0,-2,8,0,8,21:11:10,838,-1182,-2042,-1784.4
1336,12100,4,12095,12100,0,0,52,52,11,-2,4,0,4,21:11:10,934,-1178,-2036,-1581.6
1337,12100,2,12095,12100,0,0,54,54,2,2,2,0,2,21:11:11,696,-1168,-2028,-2037.6
1338,12095,2,12095,12100,0,0,57,59,3,5,0,2,-2,21:11:11,856,-1168,-2024,-1713.6
1339,12095,0,12095,12100,0,0,58,61,1,2,0,0,0,21:11:12,706,-1166,-2002,-1989.2
1340,12100,2,12095,12100,0,0,62,60,4,-1,2,0,2,21:11:12,674,-1168,-2008,-2061.6
1341,12100,4,12095,12100,0,0,63,58,1,-2,4,0,4,21:11:13,672,-1168,-2008,-2065.6
1342,12095,2,12095,12100,0,0,63,60,0,2,0,2,-2,21:11:13,716,-1110,-2006,-1906
1343,12100,6,12095,12100,0,0,64,61,1,1,6,0,6,21:11:14,742,-1102,-1836,-1674.4
1344,12100,2,12095,12100,0,0,65,60,1,-1,2,0,2,21:11:14,616,-1100,-1904,-1992
1345,12095,2,12095,12100,0,0,65,66,0,6,0,2,-2,21:11:15,662,-1094,-1898,-1886.8
1346,12100,4,12095,12100,0,0,65,67,0,1,2,2,0,21:11:15,662,-1094,-1892,-1880.8
1347,12100,0,12095,12100,0,0,65,69,0,2,0,0,0,21:11:16,626,-1096,-1892,-1955.2
1348,12100,6,12095,12100,0,0,67,69,2,0,4,2,2,21:11:16,620,-1094,-1896,-1968.8
1349,12100,2,12095,12100,0,0,67,71,0,2,2,0,2,21:11:17,614,-1094,-1894,-1978.8
1350,12100,6,12095,12100,0,0,67,70,0,-1,6,0,6,21:11:17,624,-1092,-1892,-1954.4
1351,12095,6,12095,12100,0,0,72,68,5,-2,4,2,2,21:11:18,620,-1090,-1892,-1960
1352,12100,136,12095,12105,0,1,73,66,1,0,136,0,136,21:11:18,624,-1086,-1886,-1941.2
1353,12100,20,12100,12105,1,0,16,57,0,-9,10,10,0,21:11:19,628,-1074,-1884,-1916.8
1354,12100,0,12100,12105,0,0,34,60,18,3,0,0,0,21:11:19,742,-938,-1748,-1389.6
1355,12100,6,12100,12105,0,0,44,66,10,6,0,6,-6,21:11:20,756,-946,-1748,-1371.2
1356,12100,16,12100,12105,0,0,46,58,2,-8,14,2,12,21:11:20,740,-942,-1748,-1398.4
1357,12105,118,12105,12110,1,1,2,54,0,0,118,0,118,21:11:21,694,-944,-1754,-1498.8
1358,12110,26,12105,12110,0,0,13,62,11,8,6,20,-14,21:11:21,802,-932,-1744,-1258.4
1359,12105,16,12100,12110,-1,0,103,63,0,1,0,16,-16,21:11:22,934,-812,-1626,-732.4
1360,12110,14,12100,12110,0,0,105,63,2,0,11,3,8,21:11:22,986,-826,-1640,-659.2
1361,12110,4,12105,12110,1,0,13,62,0,-1,4,0,4,21:11:23,992,-842,-1656,-682.4
1362,12110,0,12105,12110,0,0,20,59,7,-3,0,0,0,21:11:23,1102,-834,-1646,-442.8
1363,12105,26,12105,12110,0,0,18,59,-2,0,2,24,-22,21:11:24,1192,-832,-1644,-258.4
1364,12105,2,12105,12110,0,0,22,61,4,2,0,2,-2,21:11:24,1206,-832,-1616,-202.4
1365,12105,24,12105,12110,0,0,19,52,-3,-9,16,8,8,21:11:25,1256,-854,-1638,-150.8
1366,12105,4,12105,12110,0,0,18,56,-1,4,0,4,-4,21:11:25,1314,-856,-1640,-39.2
1367,12105,6,12105,12110,0,0,16,56,-2,0,0,6,-6,21:11:26,1344,-848,-1630,40.4
1368,12105,4,12105,12110,0,0,23,76,7,20,0,4,-4,21:11:26,1042,-850,-1634,-570
1369,12105,66,12100,12105,-1,-1,117,38,0,0,0,66,-66,21:11:27,966,-856,-1640,-735.2
1370,12105,12,12100,12105,0,0,116,63,-1,25,12,0,12,21:11:27,758,-860,-1646,-1162
1371,12105,18,12100,12105,0,0,117,67,1,4,18,0,18,21:11:28,646,-926,-1712,-1531.2
1372,12100,10,12100,12105,0,0,115,66,-2,-1,4,6,-2,21:11:28,720,-886,-1710,-1333.2
1373,12105,2,12100,12105,0,0,115,68,0,2,2,0,2,21:11:29,684,-866,-1688,-1359.2
1374,12105,10,12100,12105,0,0,117,63,2,-5,10,0,10,21:11:29,752,-810,-1690,-1158
1375,12105,14,12100,12105,0,0,118,66,1,3,14,0,14,21:11:30,770,-808,-1688,-1117.6
1376,12105,2,12100,12105,0,0,120,66,2,0,2,0,2,21:11:30,790,-796,-1678,-1053.2
1377,12100,4,12100,12105,0,0,121,65,1,-1,2,2,0,21:11:31,788,-780,-1664,-1024
1378,12105,4,12100,12105,0,0,118,64,-3,-1,2,2,0,21:11:31,722,-776,-1660,-1147.2
1379,12100,18,12100,12105,0,0,103,69,-15,5,0,18,-18,21:11:32,738,-774,-1664,-1116.8
1380,12100,204,12095,12105,-1,0,63,72,0,3,0,204,-204,21:11:32,690,-734,-1664,-1164.8
1381,12100,4,12095,12100,0,-1,55,17,-8,0,2,2,0,21:11:33,676,-752,-1684,-1234.4
1382,12100,14,12095,12100,0,0,52,45,-3,28,12,2,10,21:11:33,474,-914,-1888,-2036.8
