,Price,TickVolume,,,,,,
20:59:00,16710,390,0,0,0,0,0,0
21:00:00,16715,132,0,0,0,0,0,0
21:00:01,16705,190,0,0,0,0,0,0
21:00:01,16710,146,0,0,0,0,0,0
21:00:02,16700,182,0,0,0,0,0,0
21:00:02,16705,98,0,0,0,0,0,0
21:00:03,16705,30,0,0,0,0,0,0
21:00:03,16700,140,0,0,0,0,0,0
21:00:04,16710,92,0,0,0,0,0,0
21:00:04,16710,64,0,0,0,0,0,0
21:00:05,16710,88,0,0,0,0,0,0
21:00:05,16720,92,0,0,0,0,0,0
21:00:06,16710,68,0,0,0,0,0,0
21:00:06,16715,24,0,0,0,0,0,0
21:00:07,16720,38,0,0,0,0,0,0
21:00:07,16720,64,0,0,0,0,0,0
21:00:08,16720,34,0,0,0,0,0,0
21:00:08,16720,16,0,0,0,0,0,0
21:00:09,16725,14,0,0,0,0,0,0
21:00:09,16720,46,0,0,0,0,0,0
21:00:10,16730,12,0,0,0,0,0,0
21:00:10,16730,42,0,0,0,0,0,0
21:00:11,16730,32,0,0,0,0,0,0
21:00:11,16730,50,0,0,0,0,0,0
21:00:12,16735,36,0,0,0,0,0,0
21:00:12,16735,58,0,0,0,0,0,0
21:00:13,16735,120,0,0,0,0,0,0
21:00:13,16735,38,0,0,0,0,0,0
21:00:14,16730,10,0,0,0,0,0,0
21:00:14,16735,50,0,0,0,0,0,0
21:00:15,16735,36,0,0,0,0,0,0
21:00:15,16735,16,0,0,0,0,0,0
21:00:16,16735,26,0,0,0,0,0,0
21:00:16,16730,30,0,0,0,0,0,0
21:00:17,16730,18,0,0,0,0,0,0
21:00:17,16730,12,0,0,0,0,0,0
21:00:18,16735,22,0,0,0,0,0,0
21:00:18,16725,6,0,0,0,0,0,0
21:00:19,16725,64,0,0,0,0,0,0
21:00:19,16730,22,0,0,0,0,0,0
21:00:20,16725,18,0,0,0,0,0,0
21:00:20,16730,36,0,0,0,0,0,0
21:00:21,16735,50,0,0,0,0,1,0
21:00:21,16725,22,0,0,0,0,1,0
21:00:22,16730,18,0,0,0,0,1,0
21:00:22,16730,14,0,0,0,0,1,0
21:00:23,16725,4,0,0,0,0,1,0
21:00:23,16725,8,0,0,0,0,1,0
21:00:24,16730,14,0,0,0,0,1,0
21:00:24,16730,68,0,0,0,0,1,0
21:00:25,16730,22,0,0,0,0,1,0
21:00:25,16735,80,0,0,0,0,1,0
21:00:26,16735,20,0,0,0,0,1,0
21:00:26,16735,10,0,0,0,0,1,0
21:00:27,16740,68,0,0,0,0,1,0
21:00:27,16735,28,0,0,0,0,1,0
21:00:28,16735,26,0,0,0,0,1,0
21:00:28,16735,8,0,0,0,0,1,0
21:00:29,16730,6,0,0,0,0,1,0
21:00:29,16735,16,0,0,0,0,1,0
21:00:30,16730,2,0,0,0,0,1,0
21:00:30,16735,12,0,0,0,0,1,0
21:00:31,16730,50,0,0,0,0,1,0
21:00:31,16730,16,0,0,0,0,1,0
21:00:32,16735,6,0,0,0,0,1,0
21:00:32,16735,8,0,0,0,0,1,0
21:00:33,16730,26,0,0,0,0,1,0
21:00:33,16725,26,0,0,0,0,1,0
21:00:34,16730,6,0,0,0,0,1,0
21:00:34,16725,6,0,0,0,0,1,0
21:00:35,16730,22,0,0,0,0,1,0
21:00:35,16730,14,0,0,0,0,1,0
21:00:36,16730,16,0,0,0,0,0,0
21:00:36,16725,12,0,0,0,0,0,0
21:00:37,16725,14,0,0,0,0,0,0
21:00:37,16730,26,0,0,0,0,0,0
21:00:38,16725,10,0,0,0,0,0,0
21:00:38,16730,4,0,0,0,0,0,0
21:00:39,16735,154,0,0,0,0,1,0
21:00:39,16735,28,0,0,0,0,1,0
21:00:40,16735,4,0,0,0,0,1,0
21:00:40,16735,12,0,0,0,0,1,0
21:00:41,16735,104,0,0,0,0,1,0
21:00:41,16735,14,0,0,0,0,1,0
21:00:42,16735,240,0,0,0,0,1,0
21:00:42,16735,28,0,0,0,0,1,0
21:00:43,16735,62,0,0,0,0,1,0
21:00:43,16740,14,0,0,0,0,1,0
21:00:44,16740,0,0,0,0,0,1,0
21:00:44,16735,6,0,0,0,0,1,0
21:00:45,16735,20,0,0,0,0,1,0
21:00:45,16735,14,0,0,0,0,1,0
21:00:46,16740,18,0,0,0,0,1,0
21:00:46,16740,10,0,0,0,0,1,0
21:00:47,16735,10,0,0,0,0,1,0
21:00:47,16740,20,0,0,0,0,1,0
21:00:48,16740,36,0,0,0,0,1,0
21:00:48,16740,48,0,0,0,0,1,0
21:00:49,16740,4,0,0,0,0,1,0
21:00:49,16740,148,0,0,0,0,1,0
21:00:50,16740,20,0,0,0,0,1,0
21:00:50,16745,62,0,0,0,0,1,0
21:00:51,16745,140,0,0,0,0,1,0
21:00:51,16745,46,0,0,0,0,1,0
21:00:52,16745,30,0,0,0,0,1,0
21:00:52,16745,38,0,0,0,0,1,0
21:00:53,16745,6,0,0,0,0,1,0
21:00:53,16745,12,0,0,0,0,1,0
21:00:54,16745,16,0,0,0,0,0,0
21:00:54,16750,90,0,0,0,0,1,0
21:00:55,16745,16,0,0,0,0,1,0
21:00:55,16750,12,0,0,0,0,1,0
21:00:56,16745,6,0,0,0,0,1,0
21:00:56,16745,32,0,0,0,0,1,0
21:00:57,16750,10,0,0,0,0,1,0
21:00:57,16750,58,0,0,0,0,1,0
21:00:58,16745,38,0,0,0,0,1,0
21:00:58,16745,48,0,0,0,0,1,0
21:00:59,16750,62,0,0,0,0,1,0
21:00:59,16745,12,0,0,0,0,1,0
21:01:00,16740,6,0,0,0,0,1,0
21:01:00,16750,50,0,0,1,0,2,0
21:01:01,16750,60,0,0,2,0,3,0
21:01:01,16750,72,0,0,2,0,3,0
21:01:02,16745,106,0,0,2,0,3,0
21:01:02,16750,16,0,0,2,0,3,0
21:01:03,16750,34,0,0,2,0,3,0
21:01:03,16750,56,0,0,2,0,3,0
21:01:04,16750,36,0,0,2,0,3,0
21:01:04,16745,16,0,0,2,0,3,0
21:01:05,16745,6,0,0,2,0,3,0
21:01:05,16750,4,0,0,2,0,3,0
21:01:06,16755,110,0,0,3,0,4,0
21:01:06,16750,140,0,0,3,0,4,0
21:01:07,16750,60,0,0,3,0,4,0
21:01:07,16755,14,0,0,3,0,4,0
21:01:08,16750,28,0,0,3,0,4,0
21:01:08,16750,92,0,0,3,0,4,0
21:01:09,16750,14,0,0,3,0,4,0
21:01:09,16745,20,0,0,3,0,3,0
21:01:10,16750,42,0,0,3,0,3,0
21:01:10,16750,6,0,0,3,0,3,0
21:01:11,16745,28,0,0,3,0,3,0
21:01:11,16750,10,0,0,3,0,3,0
21:01:12,16750,22,0,0,3,0,3,0
21:01:12,16745,26,0,0,3,0,3,0
21:01:13,16745,8,0,0,3,0,3,0
21:01:13,16750,8,0,0,3,0,3,0
21:01:14,16745,52,0,0,3,0,3,0
21:01:14,16745,20,0,0,3,0,3,0
21:01:15,16745,126,0,0,3,0,3,0
21:01:15,16740,36,0,0,3,0,2,0
21:01:16,16735,62,0,0,3,0,1,0
21:01:16,16730,62,0,0,3,0,1,0
21:01:17,16730,56,0,0,3,0,1,0
21:01:17,16730,36,0,0,3,0,1,0
21:01:18,16725,36,0,0,3,0,1,0
21:01:18,16730,12,0,0,3,0,1,0
21:01:19,16730,2,0,0,3,0,1,0
21:01:19,16730,14,0,0,3,0,1,0
21:01:20,16730,74,0,0,3,0,1,0
21:01:20,16730,20,0,0,3,0,1,0
21:01:21,16730,18,0,0,3,0,0,0
21:01:21,16730,20,0,0,3,0,0,0
21:01:22,16730,2,0,0,3,0,0,0
21:01:22,16735,20,0,0,3,0,0,0
21:01:23,16730,4,0,0,3,0,0,0
21:01:23,16735,80,0,0,3,0,0,0
21:01:24,16735,8,0,0,3,0,0,0
21:01:24,16735,2,0,0,3,0,0,0
21:01:25,16735,2,0,0,3,0,0,0
21:01:25,16735,2,0,0,3,0,0,0
21:01:26,16735,4,0,0,3,0,0,0
21:01:26,16740,2,0,0,3,0,0,0
21:01:27,16740,4,0,0,3,0,0,0
21:01:27,16735,38,0,0,3,0,0,0
21:01:28,16740,18,0,0,3,0,0,0
21:01:28,16735,16,0,0,3,0,0,0
21:01:29,16735,20,0,0,3,0,0,0
21:01:29,16735,8,0,0,3,0,0,0
21:01:30,16735,16,0,0,3,0,0,0
21:01:30,16735,8,0,0,3,0,0,0
21:01:31,16735,6,0,0,3,0,0,0
21:01:31,16735,8,0,0,3,0,0,0
21:01:32,16740,6,0,0,3,0,0,0
21:01:32,16735,14,0,0,3,0,0,0
21:01:33,16735,0,0,0,3,0,0,0
21:01:33,16740,8,0,0,3,0,0,0
21:01:34,16740,10,0,0,3,0,0,0
21:01:34,16740,22,0,0,3,0,0,0
21:01:35,16740,62,0,0,3,0,0,0
21:01:35,16740,6,0,0,3,0,0,0
21:01:36,16740,8,0,0,3,0,0,0
21:01:36,16740,0,0,0,3,0,0,0
21:01:37,16740,6,0,0,3,0,0,0
21:01:37,16735,62,0,0,3,1,0,1
21:01:38,16740,20,0,0,3,1,0,1
21:01:38,16735,32,0,0,3,1,0,1
21:01:39,16735,18,0,0,3,1,0,1
21:01:39,16735,2,0,0,3,1,0,1
21:01:40,16735,6,0,0,3,1,0,1
21:01:40,16735,6,0,0,3,1,0,1
21:01:41,16735,18,0,0,3,1,0,1
21:01:41,16735,0,0,0,3,1,0,1
21:01:42,16735,2,0,0,3,1,0,1
21:01:42,16735,2,0,0,3,1,0,1
21:01:43,16735,4,0,0,3,1,0,1
21:01:43,16735,0,0,0,3,1,0,1
21:01:44,16735,8,0,0,3,1,0,1
21:01:44,16740,2,0,0,3,1,0,1
21:01:45,16740,0,0,0,3,1,0,1
21:01:45,16740,4,0,0,3,1,0,1
21:01:46,16740,18,0,0,3,1,0,1
21:01:46,16740,62,0,0,3,1,0,1
21:01:47,16740,4,0,0,3,1,0,1
21:01:47,16740,2,0,0,3,1,0,1
21:01:48,16740,18,0,0,3,1,0,1
21:01:48,16745,16,0,0,3,1,0,1
21:01:49,16740,12,0,0,3,1,0,1
21:01:49,16745,2,0,0,3,1,0,1
21:01:50,16745,0,0,0,3,1,0,1
21:01:50,16745,8,0,0,3,1,0,1
21:01:51,16745,2,0,0,3,1,0,1
21:01:51,16745,24,0,0,3,1,0,1
21:01:52,16745,4,0,0,3,1,0,1
21:01:52,16745,20,0,0,3,1,0,0
21:01:53,16745,0,0,0,3,1,0,0
21:01:53,16745,4,0,0,3,1,0,0
21:01:54,16745,32,0,0,3,1,0,0
21:01:54,16745,4,0,0,3,1,0,0
21:01:55,16745,2,0,0,3,1,0,0
21:01:55,16745,2,0,0,3,1,0,0
21:01:56,16750,6,0,0,3,1,0,0
21:01:56,16745,4,0,0,3,1,0,0
21:01:57,16750,2,0,0,3,1,0,0
21:01:57,16745,12,0,0,3,1,0,0
21:01:58,16745,0,0,0,3,1,0,0
21:01:58,16750,12,0,0,3,1,0,0
21:01:59,16745,2,0,0,3,1,0,0
21:01:59,16750,14,0,0,3,1,0,0
21:02:00,16745,14,0,0,3,1,0,0
21:02:00,16745,6,0,0,2,1,0,0
21:02:01,16750,20,0,0,1,1,0,0
21:02:01,16750,12,0,0,1,1,0,0
21:02:02,16750,18,0,0,1,1,0,0
21:02:02,16750,8,0,0,1,1,0,0
21:02:03,16750,66,0,0,1,1,0,0
21:02:03,16750,22,0,0,1,1,0,0
21:02:04,16750,76,0,0,1,1,0,0
21:02:04,16750,24,0,0,1,1,0,0
21:02:05,16750,8,0,0,1,1,0,0
21:02:05,16750,28,0,0,1,1,0,0
21:02:06,16750,0,0,0,0,1,0,0
21:02:06,16750,14,0,0,0,1,0,0
21:02:07,16745,88,0,0,0,1,0,0
21:02:07,16745,18,0,0,0,1,0,0
21:02:08,16745,10,0,0,0,1,0,0
21:02:08,16740,26,0,0,0,1,0,0
21:02:09,16740,8,0,0,0,1,0,0
21:02:09,16740,4,0,0,0,1,0,0
21:02:10,16740,10,0,0,0,1,0,0
21:02:10,16740,2,0,0,0,1,0,0
21:02:11,16740,2,0,0,0,1,0,0
21:02:11,16740,8,0,0,0,1,0,0
21:02:12,16740,6,0,0,0,1,0,0
21:02:12,16740,20,0,0,0,1,0,0
21:02:13,16735,64,0,0,0,1,0,0
21:02:13,16740,70,0,0,0,1,0,0
21:02:14,16740,6,0,0,0,1,0,0
21:02:14,16745,2,0,0,0,1,0,0
21:02:15,16740,2,0,0,0,1,0,0
21:02:15,16740,0,0,0,0,1,0,0
21:02:16,16735,222,0,0,0,2,0,1
21:02:16,16735,12,0,0,0,2,0,1
21:02:17,16735,4,0,0,0,2,0,1
21:02:17,16735,8,0,0,0,2,0,1
21:02:18,16740,16,0,0,0,2,0,1
21:02:18,16740,16,0,0,0,2,0,1
21:02:19,16735,12,0,0,0,2,0,1
21:02:19,16735,8,0,0,0,2,0,1
21:02:20,16730,10,0,0,0,2,0,1
21:02:20,16740,34,0,0,1,2,1,1
21:02:21,16735,34,0,0,1,2,1,1
21:02:21,16735,16,0,0,1,2,1,1
21:02:22,16730,2,0,0,1,2,1,1
21:02:22,16730,2,0,0,1,2,1,1
21:02:23,16730,46,0,0,1,2,1,1
21:02:23,16730,6,0,0,1,2,1,1
21:02:24,16730,10,0,0,1,2,1,1
21:02:24,16735,14,0,0,1,2,1,1
21:02:25,16730,56,0,0,1,2,1,1
21:02:25,16730,16,0,0,1,2,1,1
21:02:26,16725,14,0,0,1,2,1,1
21:02:26,16730,4,0,0,1,2,1,1
21:02:27,16730,2,0,0,1,2,1,1
21:02:27,16730,8,0,0,1,2,1,1
21:02:28,16730,14,0,0,1,2,1,1
21:02:28,16730,12,0,0,1,2,1,1
21:02:29,16730,42,0,0,1,2,1,1
21:02:29,16735,18,0,0,1,2,1,1
21:02:30,16730,8,0,0,1,2,1,1
21:02:30,16730,4,0,0,1,2,1,1
21:02:31,16730,20,0,0,1,2,1,0
21:02:31,16730,10,0,0,1,2,1,0
21:02:32,16730,30,0,0,1,2,1,0
21:02:32,16735,6,0,0,1,2,1,0
21:02:33,16735,0,0,0,1,2,1,0
21:02:33,16735,4,0,0,1,2,1,0
21:02:34,16735,8,0,0,1,2,1,0
21:02:34,16730,88,0,0,1,2,1,0
21:02:35,16730,6,0,0,1,2,1,0
21:02:35,16725,6,0,0,1,2,0,0
21:02:36,16730,6,0,0,1,2,0,0
21:02:36,16725,40,0,0,1,2,0,0
21:02:37,16725,44,0,0,1,2,0,0
21:02:37,16735,216,0,0,2,1,1,0
21:02:38,16730,10,0,0,2,1,1,0
21:02:38,16730,10,0,0,2,1,1,0
21:02:39,16735,2,0,0,2,1,1,0
21:02:39,16735,0,0,0,2,1,1,0
21:02:40,16730,4,0,0,2,1,1,0
21:02:40,16735,24,0,0,2,1,1,0
21:02:41,16735,8,0,0,2,1,1,0
21:02:41,16730,2,0,0,2,1,1,0
21:02:42,16730,4,0,0,2,1,1,0
21:02:42,16730,2,0,0,2,1,1,0
21:02:43,16730,0,0,0,2,1,1,0
21:02:43,16730,0,0,0,2,1,1,0
21:02:44,16735,6,0,0,2,1,1,0
21:02:44,16735,4,0,0,2,1,1,0
21:02:45,16735,0,0,0,2,1,1,0
21:02:45,16735,2,0,0,2,1,1,0
21:02:46,16735,6,0,0,2,1,1,0
21:02:46,16735,0,0,0,2,1,1,0
21:02:47,16730,8,0,0,2,1,1,0
21:02:47,16735,4,0,0,2,1,1,0
21:02:48,16735,2,0,0,2,1,1,0
21:02:48,16730,4,0,0,2,1,1,0
21:02:49,16730,0,0,0,2,1,1,0
21:02:49,16730,10,0,0,2,1,1,0
21:02:50,16730,0,0,0,2,1,1,0
21:02:50,16730,0,0,0,2,1,1,0
21:02:51,16730,0,0,0,2,1,1,0
21:02:51,16730,12,0,0,2,1,1,0
21:02:52,16735,6,0,0,2,1,1,0
21:02:52,16730,20,0,0,2,1,0,0
21:02:53,16730,14,0,0,2,1,0,0
21:02:53,16730,8,0,0,2,1,0,0
21:02:54,16735,2,0,0,2,1,0,0
21:02:54,16730,12,0,0,2,1,0,0
21:02:55,16730,0,0,0,2,1,0,0
21:02:55,16735,14,0,0,2,1,0,0
21:02:56,16735,0,0,0,2,1,0,0
21:02:56,16735,28,0,0,2,1,0,0
21:02:57,16735,132,0,0,2,1,0,0
21:02:57,16735,0,0,0,2,1,0,0
21:02:58,16735,0,0,0,2,1,0,0
21:02:58,16735,10,0,0,2,1,0,0
21:02:59,16735,34,0,0,2,1,0,0
21:02:59,16735,4,0,0,2,1,0,0
21:03:00,16735,0,0,0,2,1,0,0
21:03:00,16730,4,0,0,2,1,0,0
21:03:01,16735,54,0,0,2,1,0,0
21:03:01,16735,0,0,0,2,1,0,0
21:03:02,16740,2,0,0,2,1,0,0
21:03:02,16735,10,0,0,2,1,0,0
21:03:03,16740,200,0,0,2,1,0,0
21:03:03,16740,58,0,0,2,1,0,0
21:03:04,16745,60,0,0,2,1,0,0
21:03:04,16745,46,0,0,2,1,0,0
21:03:05,16745,38,0,0,2,1,0,0
21:03:05,16740,6,0,0,2,1,0,0
21:03:06,16740,0,0,0,2,1,0,0
21:03:06,16740,0,0,0,2,1,0,0
21:03:07,16745,12,0,0,2,1,0,0
21:03:07,16745,4,0,0,2,1,0,0
21:03:08,16740,4,0,0,2,1,0,0
21:03:08,16745,26,0,0,2,1,0,0
21:03:09,16745,68,0,0,2,1,0,0
21:03:09,16740,90,0,0,2,1,0,0
21:03:10,16740,12,0,0,2,1,0,0
21:03:10,16740,6,0,0,2,1,0,0
21:03:11,16735,26,0,0,2,1,0,0
21:03:11,16740,2,0,0,2,1,0,0
21:03:12,16740,4,0,0,2,1,0,0
21:03:12,16735,2,0,0,2,1,0,0
21:03:13,16735,0,0,0,2,1,0,0
21:03:13,16740,6,0,0,2,1,0,0
21:03:14,16740,4,0,0,2,1,0,0
21:03:14,16740,2,0,0,2,1,0,0
21:03:15,16740,14,0,0,2,1,0,0
21:03:15,16740,12,0,0,2,1,0,0
21:03:16,16740,32,0,0,2,0,0,0
21:03:16,16740,12,0,0,2,0,0,0
21:03:17,16740,12,0,0,2,0,0,0
21:03:17,16740,6,0,0,2,0,0,0
21:03:18,16740,16,0,0,2,0,0,0
21:03:18,16740,4,0,0,2,0,0,0
21:03:19,16745,2,0,0,2,0,0,0
21:03:19,16740,10,0,0,2,0,0,0
21:03:20,16740,10,0,0,2,0,0,0
21:03:20,16745,8,0,0,1,0,0,0
21:03:21,16740,14,0,0,1,0,0,0
21:03:21,16740,0,0,0,1,0,0,0
21:03:22,16745,6,0,0,1,0,0,0
21:03:22,16745,2,0,0,1,0,0,0
21:03:23,16745,18,0,0,1,0,0,0
21:03:23,16745,0,0,0,1,0,0,0
21:03:24,16745,2,0,0,1,0,0,0
21:03:24,16745,0,0,0,1,0,0,0
21:03:25,16745,32,0,0,1,0,0,0
21:03:25,16745,2,0,0,1,0,0,0
21:03:26,16745,0,0,0,1,0,0,0
21:03:26,16740,30,0,0,1,0,0,0
21:03:27,16745,20,0,0,1,0,0,0
21:03:27,16750,28,0,0,1,0,0,0
21:03:28,16745,4,0,0,1,0,0,0
21:03:28,16745,6,0,0,1,0,0,0
21:03:29,16745,22,0,0,1,0,0,0
21:03:29,16745,4,0,0,1,0,0,0
21:03:30,16745,34,0,0,1,0,0,0
21:03:30,16745,24,0,0,1,0,0,0
21:03:31,16745,0,0,0,1,0,0,0
21:03:31,16750,8,0,0,1,0,0,0
21:03:32,16750,4,0,0,1,0,0,0
21:03:32,16750,0,0,0,1,0,0,0
21:03:33,16750,0,0,0,1,0,0,0
21:03:33,16750,0,0,0,1,0,0,0
21:03:34,16750,110,0,0,1,0,0,0
21:03:34,16750,4,0,0,1,0,0,0
21:03:35,16745,4,0,0,1,0,0,0
21:03:35,16750,4,0,0,1,0,0,0
21:03:36,16750,12,0,0,1,0,0,0
21:03:36,16745,4,0,0,1,0,0,0
21:03:37,16745,12,0,0,1,0,0,0
21:03:37,16745,10,0,0,0,0,0,0
21:03:38,16745,32,0,0,0,0,0,0
21:03:38,16745,34,0,0,0,0,0,0
21:03:39,16745,22,0,0,0,0,0,0
21:03:39,16745,24,0,0,0,0,0,0
21:03:40,16745,10,0,0,0,0,0,0
21:03:40,16745,30,0,0,0,0,0,0
21:03:41,16750,4,0,0,0,0,0,0
21:03:41,16750,0,0,0,0,0,0,0
21:03:42,16750,2,0,0,0,0,0,0
21:03:42,16750,10,0,0,0,0,0,0
21:03:43,16745,6,0,0,0,0,0,0
21:03:43,16745,12,0,0,0,0,0,0
21:03:44,16745,0,0,0,0,0,0,0
21:03:44,16750,4,0,0,0,0,0,0
21:03:45,16745,6,0,0,0,0,0,0
21:03:45,16750,4,0,0,0,0,0,0
21:03:46,16745,4,0,0,0,0,0,0
21:03:46,16745,16,0,0,0,0,0,0
21:03:47,16745,8,0,0,0,0,0,0
21:03:47,16750,2,0,0,0,0,0,0
21:03:48,16750,14,0,0,0,0,0,0
21:03:48,16750,0,0,0,0,0,0,0
21:03:49,16745,50,0,0,0,0,0,0
21:03:49,16750,10,0,0,0,0,0,0
21:03:50,16745,6,0,0,0,0,0,0
21:03:50,16745,4,0,0,0,0,0,0
21:03:51,16745,2,0,0,0,0,0,0
21:03:51,16750,4,0,0,0,0,0,0
21:03:52,16745,2,0,0,0,0,0,0
21:03:52,16745,4,0,0,0,0,0,0
21:03:53,16750,8,0,0,0,0,0,0
21:03:53,16750,8,0,0,0,0,0,0
21:03:54,16750,0,0,0,0,0,0,0
21:03:54,16745,20,0,0,0,0,0,0
21:03:55,16745,20,0,0,0,0,0,0
21:03:55,16750,10,0,0,0,0,0,0
21:03:56,16745,8,0,0,0,0,0,0
21:03:56,16745,6,0,0,0,0,0,0
21:03:57,16745,4,0,0,0,0,0,0
21:03:57,16745,18,0,0,0,0,0,0
21:03:58,16750,58,0,0,0,0,0,0
21:03:58,16750,26,0,0,0,0,0,0
21:03:59,16750,0,0,0,0,0,0,0
21:03:59,16750,12,0,0,0,0,0,0
21:04:00,16750,8,0,0,0,0,0,0
21:04:00,16745,4,0,0,0,0,0,0
21:04:01,16750,26,0,0,0,0,0,0
21:04:01,16745,8,0,0,0,0,0,0
21:04:02,16745,6,0,0,0,0,0,0
21:04:02,16745,8,0,0,0,0,0,0
21:04:03,16745,2,0,0,0,0,0,0
21:04:03,16745,2,0,0,0,0,0,0
21:04:04,16745,2,0,0,0,0,0,0
21:04:04,16740,138,0,0,0,0,0,0
21:04:05,16740,48,0,0,0,0,0,0
21:04:05,16740,2,0,0,0,0,0,0
21:04:06,16740,14,0,0,0,0,0,0
21:04:06,16740,6,0,0,0,0,0,0
21:04:07,16740,0,0,0,0,0,0,0
21:04:07,16735,2,0,0,0,0,0,0
21:04:08,16735,4,0,0,0,0,0,0
21:04:08,16735,2,0,0,0,0,0,0
21:04:09,16735,4,0,0,0,0,0,0
21:04:09,16735,0,0,0,0,0,0,0
21:04:10,16735,10,0,0,0,0,0,0
21:04:10,16740,4,0,0,0,0,0,0
21:04:11,16735,4,0,0,0,0,0,0
21:04:11,16740,30,0,0,0,0,0,0
21:04:12,16735,18,0,0,0,0,0,0
21:04:12,16735,62,0,0,0,0,0,0
21:04:13,16735,50,0,0,0,0,0,0
21:04:13,16735,12,0,0,0,0,0,0
21:04:14,16730,18,0,0,0,0,0,0
21:04:14,16730,4,0,0,0,0,0,0
21:04:15,16735,6,0,0,0,0,0,0
21:04:15,16735,2,0,0,0,0,0,0
21:04:16,16730,26,0,0,0,0,0,0
21:04:16,16730,6,0,0,0,0,0,0
21:04:17,16730,2,0,0,0,0,0,0
21:04:17,16735,14,0,0,0,0,0,0
21:04:18,16735,20,0,0,0,0,0,0
21:04:18,16730,4,0,0,0,0,0,0
21:04:19,16730,6,0,0,0,0,0,0
21:04:19,16730,2,0,0,0,0,0,0
21:04:20,16735,4,0,0,0,0,0,0
21:04:20,16735,0,0,0,0,0,0,0
21:04:21,16735,100,0,0,0,0,0,0
21:04:21,16735,18,0,0,0,0,0,0
21:04:22,16735,22,0,0,0,0,0,0
21:04:22,16735,12,0,0,0,0,0,0
21:04:23,16735,0,0,0,0,0,0,0
21:04:23,16735,2,0,0,0,0,0,0
21:04:24,16735,0,0,0,0,0,0,0
21:04:24,16735,0,0,0,0,0,0,0
21:04:25,16740,6,0,0,0,0,0,0
21:04:25,16735,2,0,0,0,0,0,0
21:04:26,16735,2,0,0,0,0,0,0
21:04:26,16735,6,0,0,0,0,0,0
21:04:27,16735,6,0,0,0,0,0,0
21:04:27,16740,2,0,0,0,0,0,0
21:04:28,16740,0,0,0,0,0,0,0
21:04:28,16740,6,0,0,0,0,0,0
21:04:29,16740,82,0,0,0,0,0,0
21:04:29,16745,26,0,0,0,0,0,0
21:04:30,16745,42,0,0,0,0,0,0
21:04:30,16745,26,0,0,0,0,0,0
21:04:31,16745,40,0,0,0,0,0,0
21:04:31,16745,24,0,0,0,0,0,0
21:04:32,16745,0,0,0,0,0,0,0
21:04:32,16745,0,0,0,0,0,0,0
21:04:33,16740,6,0,0,0,0,0,0
21:04:33,16740,2,0,0,0,0,0,0
21:04:34,16745,2,0,0,0,0,0,0
21:04:34,16745,10,0,0,0,0,0,0
21:04:35,16745,0,0,0,0,0,0,0
21:04:35,16740,60,0,0,0,0,0,0
21:04:36,16745,14,0,0,0,0,0,0
21:04:36,16745,16,0,0,0,0,0,0
21:04:37,16745,6,0,0,0,0,0,0
21:04:37,16745,4,0,0,0,0,0,0
21:04:38,16740,2,0,0,0,0,0,0
21:04:38,16740,0,0,0,0,0,0,0
21:04:39,16740,6,0,0,0,0,0,0
21:04:39,16740,0,0,0,0,0,0,0
21:04:40,16745,52,0,0,0,0,0,0
21:04:40,16745,10,0,0,0,0,0,0
21:04:41,16745,20,0,0,0,0,0,0
21:04:41,16745,4,0,0,0,0,0,0
21:04:42,16745,4,0,0,0,0,0,0
21:04:42,16745,10,0,0,0,0,0,0
21:04:43,16745,0,0,0,0,0,0,0
21:04:43,16745,0,0,0,0,0,0,0
21:04:44,16745,26,0,0,0,0,0,0
21:04:44,16750,6,0,0,0,0,0,0
21:04:45,16745,2,0,0,0,0,0,0
21:04:45,16745,4,0,0,0,0,0,0
21:04:46,16745,12,0,0,0,0,0,0
21:04:46,16745,2,0,0,0,0,0,0
21:04:47,16750,2,0,0,0,0,0,0
21:04:47,16745,14,0,0,0,0,0,0
21:04:48,16750,40,0,0,0,0,0,0
21:04:48,16750,4,0,0,0,0,0,0
21:04:49,16750,102,0,0,0,0,0,0
21:04:49,16755,24,0,0,0,0,0,0
21:04:50,16750,50,0,0,0,0,0,0
21:04:50,16750,24,0,0,0,0,0,0
21:04:51,16750,26,0,0,0,0,0,0
21:04:51,16745,2,0,0,0,0,0,0
21:04:52,16745,64,0,0,0,0,0,0
21:04:52,16745,38,0,0,0,0,0,0
21:04:53,16740,2,0,0,0,0,0,0
21:04:53,16745,6,0,0,0,0,0,0
21:04:54,16745,32,0,0,0,0,0,0
21:04:54,16745,4,0,0,0,0,0,0
21:04:55,16745,2,0,0,0,0,0,0
21:04:55,16745,62,0,0,0,0,0,0
21:04:56,16745,58,0,0,0,0,0,0
21:04:56,16750,2,0,0,0,0,0,0
21:04:57,16750,8,0,0,0,0,0,0
21:04:57,16745,4,0,0,0,0,0,0
21:04:58,16745,0,0,0,0,0,0,0
21:04:58,16750,4,0,0,0,0,0,0
21:04:59,16750,0,0,0,0,0,0,0
21:04:59,16745,4,0,0,0,0,0,0
21:05:00,16745,4,0,0,0,0,0,0
21:05:00,16750,26,0,0,0,0,0,0
21:05:01,16745,62,0,0,0,0,0,0
21:05:01,16740,16,0,0,0,0,0,0
21:05:02,16740,16,0,0,0,0,0,0
21:05:02,16740,50,0,0,0,0,0,0
21:05:03,16735,12,0,0,0,0,0,0
21:05:03,16740,118,0,0,0,0,0,0
21:05:04,16735,10,0,0,0,0,0,0
21:05:04,16740,16,0,0,0,0,0,0
21:05:05,16740,0,0,0,0,0,0,0
21:05:05,16735,36,0,0,0,0,0,0
21:05:06,16735,42,0,0,0,0,0,0
21:05:06,16735,4,0,0,0,0,0,0
21:05:07,16735,6,0,0,0,0,0,0
21:05:07,16735,0,0,0,0,0,0,0
21:05:08,16735,18,0,0,0,0,0,0
21:05:08,16730,8,0,0,0,0,0,0
21:05:09,16740,68,1,0,1,0,1,0
21:05:09,16740,42,2,0,2,0,2,0
21:05:10,16735,22,2,0,2,0,2,0
21:05:10,16740,2,2,0,2,0,2,0
21:05:11,16740,70,2,0,2,0,2,0
21:05:11,16735,2,2,0,2,0,2,0
21:05:12,16735,2,2,0,2,0,2,0
21:05:12,16735,2,2,0,2,0,2,0
21:05:13,16740,22,2,0,2,0,2,0
21:05:13,16740,4,2,0,2,0,2,0
21:05:14,16740,0,2,0,2,0,2,0
21:05:14,16740,0,2,0,2,0,2,0
21:05:15,16735,4,2,0,2,0,2,0
21:05:15,16735,2,2,0,2,0,2,0
21:05:16,16735,2,2,0,2,0,2,0
21:05:16,16735,6,2,0,2,0,2,0
21:05:17,16735,4,2,0,2,0,2,0
21:05:17,16735,4,2,0,2,0,2,0
21:05:18,16740,14,2,0,2,0,2,0
21:05:18,16740,0,2,0,2,0,2,0
21:05:19,16740,6,2,0,2,0,2,0
21:05:19,16735,2,2,0,2,0,2,0
21:05:20,16740,8,2,0,2,0,2,0
21:05:20,16735,2,2,0,2,0,2,0
21:05:21,16735,4,2,0,2,0,2,0
21:05:21,16735,0,2,0,2,0,2,0
21:05:22,16740,6,2,0,2,0,2,0
21:05:22,16735,2,2,0,2,0,2,0
21:05:23,16735,2,2,0,2,0,2,0
21:05:23,16735,12,2,0,2,0,2,0
21:05:24,16740,6,2,0,2,0,1,0
21:05:24,16735,6,2,0,2,0,0,0
21:05:25,16735,24,2,0,2,0,0,0
21:05:25,16735,2,2,0,2,0,0,0
21:05:26,16735,6,2,0,2,0,0,0
21:05:26,16735,6,2,0,2,0,0,0
21:05:27,16735,30,2,0,2,0,0,0
21:05:27,16735,14,2,0,2,0,0,0
21:05:28,16740,2,2,0,2,0,0,0
21:05:28,16735,2,2,0,2,0,0,0
21:05:29,16735,10,2,0,2,0,0,0
21:05:29,16740,12,2,0,2,0,0,0
21:05:30,16740,2,2,0,2,0,0,0
21:05:30,16735,2,2,0,2,0,0,0
21:05:31,16735,0,2,0,2,0,0,0
21:05:31,16735,4,2,0,2,0,0,0
21:05:32,16735,0,2,0,2,0,0,0
21:05:32,16740,20,2,0,2,0,0,0
21:05:33,16740,4,2,0,2,0,0,0
21:05:33,16740,0,2,0,2,0,0,0
21:05:34,16735,20,2,0,2,0,0,0
21:05:34,16735,6,2,0,2,0,0,0
21:05:35,16740,6,2,0,2,0,0,0
21:05:35,16740,0,2,0,2,0,0,0
21:05:36,16735,4,2,0,2,0,0,0
21:05:36,16735,0,2,0,2,0,0,0
21:05:37,16735,0,2,0,2,0,0,0
21:05:37,16740,14,2,0,2,0,0,0
21:05:38,16735,4,2,0,2,0,0,0
21:05:38,16735,2,2,0,2,0,0,0
21:05:39,16735,0,2,0,2,0,0,0
21:05:39,16735,4,2,0,2,0,0,0
21:05:40,16735,90,2,0,2,0,0,0
21:05:40,16735,74,2,0,2,0,0,0
21:05:41,16735,4,2,0,2,0,0,0
21:05:41,16735,0,2,0,2,0,0,0
21:05:42,16730,2,2,0,2,0,0,0
21:05:42,16735,6,2,0,2,0,0,0
21:05:43,16730,104,2,0,2,0,0,0
21:05:43,16730,2,2,0,2,0,0,0
21:05:44,16730,22,2,0,2,0,0,0
21:05:44,16730,62,2,0,2,0,0,0
21:05:45,16730,0,2,0,2,0,0,0
21:05:45,16725,6,2,0,2,0,0,0
21:05:46,16725,6,2,0,2,0,0,0
21:05:46,16730,8,2,0,2,0,0,0
21:05:47,16725,24,2,0,2,0,0,0
21:05:47,16725,24,2,0,2,0,0,0
21:05:48,16725,6,2,0,2,0,0,0
21:05:48,16725,6,2,0,2,0,0,0
21:05:49,16725,26,2,0,2,0,0,0
21:05:49,16725,4,2,0,2,0,0,0
21:05:50,16725,4,2,0,2,0,0,0
21:05:50,16725,26,2,0,2,0,0,0
21:05:51,16725,8,2,0,2,0,0,0
21:05:51,16725,4,2,0,2,0,0,0
21:05:52,16725,28,2,0,2,0,0,0
21:05:52,16720,24,2,0,2,0,0,0
21:05:53,16720,96,2,0,2,0,0,0
21:05:53,16715,52,2,1,2,1,0,1
21:05:54,16720,96,2,1,2,1,0,1
21:05:54,16720,16,2,1,2,1,0,1
21:05:55,16715,12,2,1,2,1,0,1
21:05:55,16720,4,2,1,2,1,0,1
21:05:56,16715,8,2,1,2,1,0,1
21:05:56,16715,4,2,1,2,1,0,1
21:05:57,16715,6,2,1,2,1,0,1
21:05:57,16720,6,2,1,2,1,0,1
21:05:58,16720,2,2,1,2,1,0,1
21:05:58,16720,110,2,1,2,1,0,1
21:05:59,16720,6,2,1,2,1,0,1
21:05:59,16725,8,2,1,2,1,0,1
21:06:00,16720,28,2,1,2,1,0,1
21:06:00,16715,4,2,1,2,1,0,1
21:06:01,16715,14,2,1,2,1,0,1
21:06:01,16715,32,2,1,2,1,0,1
21:06:02,16715,14,2,1,2,1,0,1
21:06:02,16720,12,2,1,2,1,0,1
21:06:03,16715,8,2,1,2,1,0,1
21:06:03,16715,44,2,1,2,1,0,1
21:06:04,16720,10,2,1,2,1,0,1
21:06:04,16715,28,2,1,2,1,0,1
21:06:05,16720,42,2,1,2,1,0,1
21:06:05,16720,14,2,1,2,1,0,1
21:06:06,16720,4,2,1,2,1,0,1
21:06:06,16720,2,2,1,2,1,0,1
21:06:07,16720,4,2,1,2,1,0,1
21:06:07,16725,10,2,1,2,1,0,1
21:06:08,16720,2,2,1,2,1,0,1
21:06:08,16725,70,2,1,2,1,0,0
21:06:09,16725,6,2,1,1,1,0,0
21:06:09,16725,2,2,1,0,1,0,0
21:06:10,16725,12,2,1,0,1,0,0
21:06:10,16725,2,2,1,0,1,0,0
21:06:11,16725,10,2,1,0,1,0,0
21:06:11,16730,42,2,1,0,1,0,0
21:06:12,16730,68,2,1,0,1,0,0
21:06:12,16730,8,2,1,0,1,0,0
21:06:13,16730,6,2,1,0,1,0,0
21:06:13,16730,8,2,1,0,1,0,0
21:06:14,16735,12,2,1,0,1,0,0
21:06:14,16730,4,2,1,0,1,0,0
21:06:15,16735,26,2,1,0,1,0,0
21:06:15,16730,44,2,1,0,1,0,0
21:06:16,16730,12,2,1,0,1,0,0
21:06:16,16730,6,2,1,0,1,0,0
21:06:17,16730,2,2,1,0,1,0,0
21:06:17,16730,10,2,1,0,1,0,0
21:06:18,16730,6,2,1,0,1,0,0
21:06:18,16725,46,2,1,0,1,0,0
21:06:19,16730,2,2,1,0,1,0,0
21:06:19,16725,62,2,1,0,1,0,0
21:06:20,16730,16,2,1,0,1,0,0
21:06:20,16730,12,2,1,0,1,0,0
21:06:21,16730,20,2,1,0,1,0,0
21:06:21,16730,8,2,1,0,1,0,0
21:06:22,16735,6,2,1,0,1,0,0
21:06:22,16730,6,2,1,0,1,0,0
21:06:23,16730,14,2,1,0,1,0,0
21:06:23,16730,0,2,1,0,1,0,0
21:06:24,16730,2,2,1,0,1,0,0
21:06:24,16730,12,2,1,0,1,0,0
21:06:25,16730,20,2,1,0,1,0,0
21:06:25,16730,2,2,1,0,1,0,0
21:06:26,16730,16,2,1,0,1,0,0
21:06:26,16730,8,2,1,0,1,0,0
21:06:27,16730,56,2,1,0,1,0,0
21:06:27,16730,12,2,1,0,1,0,0
21:06:28,16730,2,2,1,0,1,0,0
21:06:28,16730,6,2,1,0,1,0,0
21:06:29,16730,0,2,1,0,1,0,0
21:06:29,16730,8,2,1,0,1,0,0
21:06:30,16730,8,2,1,0,1,0,0
21:06:30,16735,6,2,1,0,1,0,0
21:06:31,16730,14,2,1,0,1,0,0
21:06:31,16735,4,2,1,0,1,0,0
21:06:32,16735,20,2,1,0,1,0,0
21:06:32,16735,0,2,1,0,1,0,0
21:06:33,16735,0,2,1,0,1,0,0
21:06:33,16735,4,2,1,0,1,0,0
21:06:34,16730,4,2,1,0,1,0,0
21:06:34,16735,2,2,1,0,1,0,0
21:06:35,16730,2,2,1,0,1,0,0
21:06:35,16735,24,2,1,0,1,0,0
21:06:36,16735,44,2,1,0,1,0,0
21:06:36,16740,10,2,1,0,1,0,0
21:06:37,16740,6,2,1,0,1,0,0
21:06:37,16740,30,2,1,0,1,0,0
21:06:38,16740,0,2,1,0,1,0,0
21:06:38,16735,2,2,1,0,1,0,0
21:06:39,16735,2,2,1,0,1,0,0
21:06:39,16735,2,2,1,0,1,0,0
21:06:40,16735,14,2,1,0,1,0,0
21:06:40,16735,0,2,1,0,1,0,0
21:06:41,16740,16,2,1,0,1,0,0
21:06:41,16740,0,2,1,0,1,0,0
21:06:42,16740,2,2,1,0,1,0,0
21:06:42,16740,24,2,1,0,1,0,0
21:06:43,16740,2,2,1,0,1,0,0
21:06:43,16740,18,2,1,0,1,0,0
21:06:44,16740,22,2,1,0,1,0,0
21:06:44,16740,26,2,1,0,1,0,0
21:06:45,16745,38,2,1,0,1,0,0
21:06:45,16740,6,2,1,0,1,0,0
21:06:46,16735,2,2,1,0,1,0,0
21:06:46,16740,2,2,1,0,1,0,0
21:06:47,16735,2,2,1,0,1,0,0
21:06:47,16740,2,2,1,0,1,0,0
21:06:48,16735,6,2,1,0,1,0,0
21:06:48,16745,6,2,1,0,1,0,0
21:06:49,16740,18,2,1,0,1,0,0
21:06:49,16740,10,2,1,0,1,0,0
21:06:50,16745,32,2,1,0,1,0,0
21:06:50,16740,8,2,1,0,1,0,0
21:06:51,16740,50,2,1,0,1,0,0
21:06:51,16750,408,2,1,0,1,0,0
21:06:52,16750,68,2,1,0,1,0,0
21:06:52,16750,104,2,1,0,1,0,0
21:06:53,16755,26,2,1,0,1,0,0
21:06:53,16760,154,2,1,0,0,0,0
21:06:54,16760,48,2,1,0,0,0,0
21:06:54,16755,26,2,1,0,0,0,0
21:06:55,16760,38,2,1,0,0,0,0
21:06:55,16760,60,2,1,0,0,0,0
21:06:56,16760,12,2,1,0,0,0,0
21:06:56,16755,34,2,1,0,0,0,0
21:06:57,16750,56,2,1,0,0,0,0
21:06:57,16750,34,2,1,0,0,0,0
21:06:58,16750,18,2,1,0,0,0,0
21:06:58,16750,32,2,1,0,0,0,0
21:06:59,16750,12,2,1,0,0,0,0
21:06:59,16750,52,2,1,0,0,0,0
21:07:00,16755,22,2,1,0,0,0,0
21:07:00,16755,8,2,1,0,0,0,0
21:07:01,16750,8,2,1,0,0,0,0
21:07:01,16750,74,2,1,0,0,0,0
21:07:02,16750,28,2,1,0,0,0,0
21:07:02,16745,90,2,1,0,0,0,0
21:07:03,16740,40,2,1,0,0,0,0
21:07:03,16740,14,2,1,0,0,0,0
21:07:04,16740,12,2,1,0,0,0,0
21:07:04,16740,24,2,1,0,0,0,0
21:07:05,16740,14,2,1,0,0,0,0
21:07:05,16740,10,2,1,0,0,0,0
21:07:06,16740,8,2,1,0,0,0,0
21:07:06,16740,10,2,1,0,0,0,0
21:07:07,16735,6,2,1,0,0,0,0
21:07:07,16735,12,2,1,0,0,0,0
21:07:08,16740,36,2,1,0,0,0,0
21:07:08,16740,38,2,1,0,0,0,0
21:07:09,16740,22,2,1,0,0,0,0
21:07:09,16735,16,2,1,0,0,0,0
21:07:10,16735,14,2,1,0,0,0,0
21:07:10,16740,6,2,1,0,0,0,0
21:07:11,16735,4,2,1,0,0,0,0
21:07:11,16735,10,2,1,0,0,0,0
21:07:12,16740,2,2,1,0,0,0,0
21:07:12,16740,16,2,1,0,0,0,0
21:07:13,16735,2,2,1,0,0,0,0
21:07:13,16735,22,2,1,0,0,0,0
21:07:14,16735,20,2,1,0,0,0,0
21:07:14,16740,6,2,1,0,0,0,0
21:07:15,16740,6,2,1,0,0,0,0
21:07:15,16735,2,2,1,0,0,0,0
21:07:16,16740,2,2,1,0,0,0,0
21:07:16,16740,2,2,1,0,0,0,0
21:07:17,16740,0,2,1,0,0,0,0
21:07:17,16735,2,2,1,0,0,0,0
21:07:18,16740,2,2,1,0,0,0,0
21:07:18,16740,58,2,1,0,0,0,0
21:07:19,16740,0,2,1,0,0,0,0
21:07:19,16740,6,2,1,0,0,0,0
21:07:20,16740,46,2,1,0,0,0,0
21:07:20,16740,4,2,1,0,0,0,0
21:07:21,16740,6,2,1,0,0,0,0
21:07:21,16740,40,2,1,0,0,0,0
21:07:22,16740,10,2,1,0,0,0,0
21:07:22,16740,4,2,1,0,0,0,0
21:07:23,16740,32,2,1,0,0,0,0
21:07:23,16740,0,2,1,0,0,0,0
21:07:24,16740,0,2,1,0,0,0,0
21:07:24,16740,6,2,1,0,0,0,0
21:07:25,16745,6,2,1,0,0,0,0
21:07:25,16740,2,2,1,0,0,0,0
21:07:26,16745,4,2,1,0,0,0,0
21:07:26,16745,6,2,1,0,0,0,0
21:07:27,16745,6,2,1,0,0,0,0
21:07:27,16745,38,2,1,0,0,0,0
21:07:28,16745,0,2,1,0,0,0,0
21:07:28,16745,12,2,1,0,0,0,0
21:07:29,16745,2,2,1,0,0,0,0
21:07:29,16745,0,2,1,0,0,0,0
21:07:30,16745,18,2,1,0,0,0,0
21:07:30,16750,2,2,1,0,0,0,0
21:07:31,16740,10,2,1,0,0,0,0
21:07:31,16745,8,2,1,0,0,0,0
21:07:32,16750,2,2,1,0,0,0,0
21:07:32,16750,0,2,1,0,0,0,0
21:07:33,16750,0,2,1,0,0,0,0
21:07:33,16745,2,2,1,0,0,0,0
21:07:34,16750,2,2,1,0,0,0,0
21:07:34,16750,24,2,1,0,0,0,0
21:07:35,16750,110,2,1,0,0,0,0
21:07:35,16750,34,2,1,0,0,0,0
21:07:36,16755,4,2,1,0,0,0,0
21:07:36,16755,22,2,1,0,0,0,0
21:07:37,16750,6,2,1,0,0,0,0
21:07:37,16755,2,2,1,0,0,0,0
21:07:38,16755,4,2,1,0,0,0,0
21:07:38,16750,6,2,1,0,0,0,0
21:07:39,16750,6,2,1,0,0,0,0
21:07:39,16755,20,2,1,0,0,0,0
21:07:40,16745,4,2,1,0,0,0,0
21:07:40,16755,6,2,1,0,0,0,0
21:07:41,16755,2,2,1,0,0,0,0
21:07:41,16750,26,2,1,0,0,0,0
21:07:42,16755,16,2,1,0,0,0,0
21:07:42,16750,10,2,1,0,0,0,0
21:07:43,16750,6,2,1,0,0,0,0
21:07:43,16755,6,2,1,0,0,0,0
21:07:44,16750,32,2,1,0,0,0,0
21:07:44,16750,8,2,1,0,0,0,0
21:07:45,16750,4,2,1,0,0,0,0
21:07:45,16750,12,2,1,0,0,0,0
21:07:46,16750,30,2,1,0,0,0,0
21:07:46,16750,0,2,1,0,0,0,0
21:07:47,16750,12,2,1,0,0,0,0
21:07:47,16745,40,2,1,0,0,0,0
21:07:48,16745,4,2,1,0,0,0,0
21:07:48,16740,18,2,1,0,0,0,0
21:07:49,16745,2,2,1,0,0,0,0
21:07:49,16745,0,2,1,0,0,0,0
21:07:50,16745,4,2,1,0,0,0,0
21:07:50,16745,4,2,1,0,0,0,0
21:07:51,16745,10,2,1,0,0,0,0
21:07:51,16745,6,2,1,0,0,0,0
21:07:52,16745,8,2,1,0,0,0,0
21:07:52,16745,28,2,1,0,0,0,0
21:07:53,16745,16,2,1,0,0,0,0
21:07:53,16745,2,2,1,0,0,0,0
21:07:54,16750,2,2,1,0,0,0,0
21:07:54,16750,0,2,1,0,0,0,0
21:07:55,16750,0,2,1,0,0,0,0
21:07:55,16750,0,2,1,0,0,0,0
21:07:56,16750,4,2,1,0,0,0,0
21:07:56,16750,12,2,1,0,0,0,0
21:07:57,16750,0,2,1,0,0,0,0
21:07:57,16745,32,2,1,0,0,0,0
21:07:58,16745,2,2,1,0,0,0,0
21:07:58,16745,10,2,1,0,0,0,0
21:07:59,16745,2,2,1,0,0,0,0
21:07:59,16745,10,2,1,0,0,0,0
21:08:00,16745,2,2,1,0,0,0,0
21:08:00,16745,16,2,1,0,0,0,0
21:08:01,16745,6,2,1,0,0,0,0
21:08:01,16740,20,2,1,0,0,0,0
21:08:02,16745,28,2,1,0,0,0,0
21:08:02,16750,30,2,1,0,0,0,0
21:08:03,16750,0,2,1,0,0,0,0
21:08:03,16745,2,2,1,0,0,0,0
21:08:04,16750,4,2,1,0,0,0,0
21:08:04,16750,0,2,1,0,0,0,0
21:08:05,16750,8,2,1,0,0,0,0
21:08:05,16745,22,2,1,0,0,0,0
21:08:06,16745,6,2,1,0,0,0,0
21:08:06,16750,2,2,1,0,0,0,0
21:08:07,16750,0,2,1,0,0,0,0
21:08:07,16745,4,2,1,0,0,0,0
21:08:08,16750,2,2,1,0,0,0,0
21:08:08,16750,6,2,1,0,0,0,0
21:08:09,16750,20,1,1,0,0,0,0
21:08:09,16750,6,0,1,0,0,0,0
21:08:10,16745,2,0,1,0,0,0,0
21:08:10,16750,2,0,1,0,0,0,0
21:08:11,16750,10,0,1,0,0,0,0
21:08:11,16750,6,0,1,0,0,0,0
21:08:12,16750,2,0,1,0,0,0,0
21:08:12,16750,4,0,1,0,0,0,0
21:08:13,16750,0,0,1,0,0,0,0
21:08:13,16750,2,0,1,0,0,0,0
21:08:14,16750,4,0,1,0,0,0,0
21:08:14,16750,2,0,1,0,0,0,0
21:08:15,16750,106,0,1,0,0,0,0
21:08:15,16750,2,0,1,0,0,0,0
21:08:16,16755,8,0,1,0,0,0,0
21:08:16,16755,64,0,1,0,0,0,0
21:08:17,16755,40,0,1,0,0,0,0
21:08:17,16755,6,0,1,0,0,0,0
21:08:18,16755,6,0,1,0,0,0,0
21:08:18,16750,12,0,1,0,0,0,0
21:08:19,16755,2,0,1,0,0,0,0
21:08:19,16750,10,0,1,0,0,0,0
21:08:20,16750,0,0,1,0,0,0,0
21:08:20,16755,2,0,1,0,0,0,0
21:08:21,16750,18,0,1,0,0,0,0
21:08:21,16755,52,0,1,0,0,0,0
21:08:22,16755,24,0,1,0,0,0,0
21:08:22,16755,20,0,1,0,0,0,0
21:08:23,16755,20,0,1,0,0,0,0
21:08:23,16755,16,0,1,0,0,0,0
21:08:24,16755,2,0,1,0,0,0,0
21:08:24,16755,48,0,1,0,0,0,0
21:08:25,16755,26,0,1,0,0,0,0
21:08:25,16755,6,0,1,0,0,0,0
21:08:26,16755,2,0,1,0,0,0,0
21:08:26,16750,6,0,1,0,0,0,0
21:08:27,16755,4,0,1,0,0,0,0
21:08:27,16755,4,0,1,0,0,0,0
21:08:28,16750,2,0,1,0,0,0,0
21:08:28,16750,14,0,1,0,0,0,0
21:08:29,16755,28,0,1,0,0,0,0
21:08:29,16755,24,0,1,0,0,0,0
21:08:30,16755,6,0,1,0,0,0,0
21:08:30,16755,2,0,1,0,0,0,0
21:08:31,16755,10,0,1,0,0,0,0
21:08:31,16750,2,0,1,0,0,0,0
21:08:32,16755,2,0,1,0,0,0,0
21:08:32,16755,0,0,1,0,0,0,0
21:08:33,16755,10,0,1,0,0,0,0
21:08:33,16750,188,0,1,0,0,0,0
21:08:34,16750,120,0,1,0,0,0,0
21:08:34,16750,4,0,1,0,0,0,0
21:08:35,16750,2,0,1,0,0,0,0
21:08:35,16750,10,0,1,0,0,0,0
21:08:36,16750,14,0,1,0,0,0,0
21:08:36,16750,34,0,1,0,0,0,0
21:08:37,16750,18,0,1,0,0,0,0
21:08:37,16750,10,0,1,0,0,0,0
21:08:38,16750,8,0,1,0,0,0,0
21:08:38,16745,4,0,1,0,0,0,0
21:08:39,16750,4,0,1,0,0,0,0
21:08:39,16750,4,0,1,0,0,0,0
21:08:40,16745,4,0,1,0,0,0,0
21:08:40,16745,0,0,1,0,0,0,0
21:08:41,16750,2,0,1,0,0,0,0
21:08:41,16750,0,0,1,0,0,0,0
21:08:42,16750,0,0,1,0,0,0,0
21:08:42,16750,34,0,1,0,0,0,0
21:08:43,16750,2,0,1,0,0,0,0
21:08:43,16745,22,0,1,0,0,0,0
21:08:44,16745,0,0,1,0,0,0,0
21:08:44,16750,2,0,1,0,0,0,0
21:08:45,16745,4,0,1,0,0,0,0
21:08:45,16745,0,0,1,0,0,0,0
21:08:46,16750,22,0,1,0,0,0,0
21:08:46,16750,4,0,1,0,0,0,0
21:08:47,16750,0,0,1,0,0,0,0
21:08:47,16750,0,0,1,0,0,0,0
21:08:48,16745,4,0,1,0,0,0,0
21:08:48,16745,8,0,1,0,0,0,0
21:08:49,16750,10,0,1,0,0,0,0
21:08:49,16750,0,0,1,0,0,0,0
21:08:50,16750,10,0,1,0,0,0,0
21:08:50,16750,0,0,1,0,0,0,0
21:08:51,16750,0,0,1,0,0,0,0
21:08:51,16750,26,0,1,0,0,0,0
21:08:52,16750,6,0,1,0,0,0,0
21:08:52,16745,8,0,1,0,0,0,0
21:08:53,16745,0,0,1,0,0,0,0
21:08:53,16745,110,0,0,0,0,0,0
21:08:54,16745,0,0,0,0,0,0,0
21:08:54,16755,22,0,0,0,0,0,0
21:08:55,16755,4,0,0,0,0,0,0
21:08:55,16750,2,0,0,0,0,0,0
21:08:56,16755,4,0,0,0,0,0,0
21:08:56,16750,2,0,0,0,0,0,0
21:08:57,16750,2,0,0,0,0,0,0
21:08:57,16750,0,0,0,0,0,0,0
21:08:58,16755,4,0,0,0,0,0,0
21:08:58,16750,12,0,0,0,0,0,0
21:08:59,16755,20,0,0,0,0,0,0
21:08:59,16755,2,0,0,0,0,0,0
21:09:00,16760,54,1,0,1,0,1,0
21:09:00,16755,10,1,0,1,0,1,0
21:09:01,16750,12,1,0,1,0,1,0
21:09:01,16750,4,1,0,1,0,1,0
21:09:02,16755,4,1,0,1,0,1,0
21:09:02,16755,0,1,0,1,0,1,0
21:09:03,16755,4,1,0,1,0,1,0
21:09:03,16750,40,1,0,1,0,1,0
21:09:04,16750,36,1,0,1,0,1,0
21:09:04,16750,6,1,0,1,0,1,0
21:09:05,16750,6,1,0,1,0,1,0
21:09:05,16750,0,1,0,1,0,1,0
21:09:06,16750,26,1,0,1,0,1,0
21:09:06,16745,90,1,0,1,0,1,0
21:09:07,16745,2,1,0,1,0,1,0
21:09:07,16745,6,1,0,1,0,1,0
21:09:08,16745,30,1,0,1,0,1,0
21:09:08,16740,30,1,0,1,0,1,0
21:09:09,16745,12,1,0,1,0,1,0
21:09:09,16745,32,1,0,1,0,1,0
21:09:10,16745,0,1,0,1,0,1,0
21:09:10,16745,2,1,0,1,0,1,0
21:09:11,16745,14,1,0,1,0,1,0
21:09:11,16745,6,1,0,1,0,1,0
21:09:12,16745,4,1,0,1,0,1,0
21:09:12,16740,48,1,0,1,0,1,0
21:09:13,16745,6,1,0,1,0,1,0
21:09:13,16745,30,1,0,1,0,1,0
21:09:14,16745,22,1,0,1,0,1,0
21:09:14,16745,56,1,0,1,0,1,0
21:09:15,16745,16,1,0,1,0,0,0
21:09:15,16745,10,1,0,1,0,0,0
21:09:16,16745,2,1,0,1,0,0,0
21:09:16,16745,0,1,0,1,0,0,0
21:09:17,16745,18,1,0,1,0,0,0
21:09:17,16745,0,1,0,1,0,0,0
21:09:18,16745,2,1,0,1,0,0,0
21:09:18,16745,6,1,0,1,0,0,0
21:09:19,16745,8,1,0,1,0,0,0
21:09:19,16745,0,1,0,1,0,0,0
21:09:20,16750,4,1,0,1,0,0,0
21:09:20,16750,0,1,0,1,0,0,0
21:09:21,16745,2,1,0,1,0,0,0
21:09:21,16745,22,1,0,1,0,0,0
21:09:22,16745,8,1,0,1,0,0,0
21:09:22,16750,10,1,0,1,0,0,0
21:09:23,16750,8,1,0,1,0,0,0
21:09:23,16745,10,1,0,1,0,0,0
21:09:24,16745,0,1,0,1,0,0,0
21:09:24,16745,2,1,0,1,0,0,0
21:09:25,16745,40,1,0,1,0,0,0
21:09:25,16750,22,1,0,1,0,0,0
21:09:26,16750,0,1,0,1,0,0,0
21:09:26,16745,2,1,0,1,0,0,0
21:09:27,16745,10,1,0,1,0,0,0
21:09:27,16745,0,1,0,1,0,0,0
21:09:28,16745,0,1,0,1,0,0,0
21:09:28,16740,2,1,0,1,0,0,0
21:09:29,16745,24,1,0,1,0,0,0
21:09:29,16745,26,1,0,1,0,0,0
21:09:30,16750,10,1,0,1,0,0,0
21:09:30,16745,2,1,0,1,0,0,0
21:09:31,16745,0,1,0,1,0,0,0
21:09:31,16740,2,1,0,1,0,0,0
21:09:32,16740,0,1,0,1,0,0,0
21:09:32,16740,0,1,0,1,0,0,0
21:09:33,16745,2,1,0,1,0,0,0
21:09:33,16745,2,1,0,1,0,0,0
21:09:34,16745,2,1,0,1,0,0,0
21:09:34,16745,6,1,0,1,0,0,0
21:09:35,16745,0,1,0,1,0,0,0
21:09:35,16745,4,1,0,1,0,0,0
21:09:36,16740,46,1,0,1,0,0,0
21:09:36,16740,132,1,0,1,0,0,0
21:09:37,16735,124,1,0,1,0,0,0
21:09:37,16740,78,1,0,1,0,0,0
21:09:38,16740,6,1,0,1,0,0,0
21:09:38,16735,28,1,0,1,0,0,0
21:09:39,16740,6,1,0,1,0,0,0
21:09:39,16745,102,2,0,2,0,1,0
21:09:40,16745,6,2,0,2,0,1,0
21:09:40,16735,20,2,0,2,0,1,0
21:09:41,16735,8,2,0,2,0,1,0
21:09:41,16740,2,2,0,2,0,1,0
21:09:42,16740,6,2,0,2,0,1,0
21:09:42,16740,0,2,0,2,0,1,0
21:09:43,16740,2,2,0,2,0,1,0
21:09:43,16740,4,2,0,2,0,1,0
21:09:44,16740,0,2,0,2,0,1,0
21:09:44,16740,6,2,0,2,0,1,0
21:09:45,16740,2,2,0,2,0,1,0
21:09:45,16745,6,2,0,2,0,1,0
21:09:46,16745,8,2,0,2,0,1,0
21:09:46,16740,2,2,0,2,0,1,0
21:09:47,16740,6,2,0,2,0,1,0
21:09:47,16740,0,2,0,2,0,1,0
21:09:48,16740,0,2,0,2,0,1,0
21:09:48,16745,18,2,0,2,0,1,0
21:09:49,16740,56,2,0,2,0,1,0
21:09:49,16740,18,2,0,2,0,1,0
21:09:50,16745,20,2,0,2,0,1,0
21:09:50,16745,8,2,0,2,0,1,0
21:09:51,16745,28,2,0,2,0,1,0
21:09:51,16740,80,2,1,2,1,1,1
21:09:52,16740,2,2,1,2,1,1,1
21:09:52,16745,20,2,1,2,1,1,1
21:09:53,16745,0,2,1,2,1,1,1
21:09:53,16745,0,2,1,2,1,1,1
21:09:54,16745,0,2,1,2,1,1,1
21:09:54,16745,2,2,1,2,1,0,1
21:09:55,16740,14,2,1,2,1,0,1
21:09:55,16740,6,2,1,2,1,0,1
21:09:56,16740,0,2,1,2,1,0,1
21:09:56,16745,2,2,1,2,1,0,1
21:09:57,16740,4,2,1,2,1,0,1
21:09:57,16745,4,2,1,2,1,0,1
21:09:58,16745,26,2,1,2,1,0,1
21:09:58,16745,0,2,1,2,1,0,1
21:09:59,16745,18,2,1,2,1,0,1
21:09:59,16740,10,2,1,2,1,0,1
21:10:00,16740,26,2,1,1,1,0,1
21:10:00,16740,0,2,1,1,1,0,1
21:10:01,16740,8,2,1,1,1,0,1
21:10:01,16740,30,2,1,1,1,0,1
21:10:02,16740,2,2,1,1,1,0,1
21:10:02,16740,14,2,1,1,1,0,1
21:10:03,16740,0,2,1,1,1,0,1
21:10:03,16745,22,2,1,1,1,0,1
21:10:04,16745,10,2,1,1,1,0,1
21:10:04,16745,14,2,1,1,1,0,1
21:10:05,16745,2,2,1,1,1,0,1
21:10:05,16745,0,2,1,1,1,0,1
21:10:06,16745,0,2,1,1,1,0,1
21:10:06,16745,2,2,1,1,1,0,0
21:10:07,16745,6,2,1,1,1,0,0
21:10:07,16745,2,2,1,1,1,0,0
21:10:08,16745,8,2,1,1,1,0,0
21:10:08,16740,24,2,1,1,1,0,0
21:10:09,16740,0,2,1,1,1,0,0
21:10:09,16745,6,2,1,1,1,0,0
21:10:10,16745,0,2,1,1,1,0,0
21:10:10,16745,0,2,1,1,1,0,0
21:10:11,16745,0,2,1,1,1,0,0
21:10:11,16745,0,2,1,1,1,0,0
21:10:12,16745,28,2,1,1,1,0,0
21:10:12,16745,2,2,1,1,1,0,0
21:10:13,16745,0,2,1,1,1,0,0
21:10:13,16745,0,2,1,1,1,0,0
21:10:14,16745,22,2,1,1,1,0,0
21:10:14,16745,0,2,1,1,1,0,0
21:10:15,16745,2,2,1,1,1,0,0
21:10:15,16745,20,2,1,1,1,0,0
21:10:16,16740,2,2,1,1,1,0,0
21:10:16,16745,8,2,1,1,1,0,0
21:10:17,16745,2,2,1,1,1,0,0
21:10:17,16745,0,2,1,1,1,0,0
21:10:18,16745,2,2,1,1,1,0,0
21:10:18,16745,2,2,1,1,1,0,0
21:10:19,16740,8,2,1,1,1,0,0
21:10:19,16740,0,2,1,1,1,0,0
21:10:20,16740,0,2,1,1,1,0,0
21:10:20,16745,2,2,1,1,1,0,0
21:10:21,16745,0,2,1,1,1,0,0
21:10:21,16745,6,2,1,1,1,0,0
21:10:22,16745,2,2,1,1,1,0,0
21:10:22,16745,0,2,1,1,1,0,0
21:10:23,16740,2,2,1,1,1,0,0
21:10:23,16740,0,2,1,1,1,0,0
21:10:24,16740,0,2,1,1,1,0,0
21:10:24,16740,2,2,1,1,1,0,0
21:10:25,16740,2,2,1,1,1,0,0
21:10:25,16740,0,2,1,1,1,0,0
21:10:26,16745,4,2,1,1,1,0,0
21:10:26,16745,2,2,1,1,1,0,0
21:10:27,16745,0,2,1,1,1,0,0
21:10:27,16745,0,2,1,1,1,0,0
21:10:28,16745,0,2,1,1,1,0,0
21:10:28,16745,0,2,1,1,1,0,0
21:10:29,16745,0,2,1,1,1,0,0
21:10:29,16745,22,2,1,1,1,0,0
21:10:30,16740,14,2,1,1,1,0,0
21:10:30,16740,0,2,1,1,1,0,0
21:10:31,16740,36,2,1,1,1,0,0
21:10:31,16740,18,2,1,1,1,0,0
21:10:32,16745,6,2,1,1,1,0,0
21:10:32,16740,28,2,1,1,1,0,0
21:10:33,16740,2,2,1,1,1,0,0
21:10:33,16740,0,2,1,1,1,0,0
21:10:34,16740,0,2,1,1,1,0,0
21:10:34,16745,22,2,1,1,1,0,0
21:10:35,16745,2,2,1,1,1,0,0
21:10:35,16740,2,2,1,1,1,0,0
21:10:36,16745,20,2,1,1,1,0,0
21:10:36,16745,0,2,1,1,1,0,0
21:10:37,16745,0,2,1,1,1,0,0
21:10:37,16745,22,2,1,1,1,0,0
21:10:38,16745,10,2,1,1,1,0,0
21:10:38,16745,16,2,1,1,1,0,0
21:10:39,16745,0,2,1,1,1,0,0
21:10:39,16745,2,2,1,0,1,0,0
21:10:40,16745,0,2,1,0,1,0,0
21:10:40,16745,6,2,1,0,1,0,0
21:10:41,16750,204,2,1,0,1,0,0
21:10:41,16750,48,2,1,0,1,0,0
21:10:42,16750,68,2,1,0,1,0,0
21:10:42,16755,10,2,1,0,1,0,0
21:10:43,16750,18,2,1,0,1,0,0
21:10:43,16750,0,2,1,0,1,0,0
21:10:44,16755,4,2,1,0,1,0,0
21:10:44,16755,2,2,1,0,1,0,0
21:10:45,16755,2,2,1,0,1,0,0
21:10:45,16755,4,2,1,0,1,0,0
21:10:46,16750,4,2,1,0,1,0,0
21:10:46,16750,0,2,1,0,1,0,0
21:10:47,16755,2,2,1,0,1,0,0
21:10:47,16755,2,2,1,0,1,0,0
21:10:48,16755,4,2,1,0,1,0,0
21:10:48,16755,24,2,1,0,1,0,0
21:10:49,16750,2,2,1,0,1,0,0
21:10:49,16755,4,2,1,0,1,0,0
21:10:50,16755,2,2,1,0,1,0,0
21:10:50,16755,22,2,1,0,1,0,0
21:10:51,16755,36,2,1,0,1,0,0
21:10:51,16755,102,2,1,0,0,0,0
21:10:52,16755,10,2,1,0,0,0,0
21:10:52,16755,12,2,1,0,0,0,0
21:10:53,16755,42,2,1,0,0,0,0
21:10:53,16755,20,2,1,0,0,0,0
21:10:54,16755,12,2,1,0,0,0,0
21:10:54,16760,12,2,1,0,0,0,0
21:10:55,16755,30,2,1,0,0,0,0
21:10:55,16760,46,2,1,0,0,0,0
21:10:56,16755,10,2,1,0,0,0,0
21:10:56,16755,32,2,1,0,0,0,0
21:10:57,16755,6,2,1,0,0,0,0
21:10:57,16760,20,2,1,0,0,0,0
21:10:58,16755,4,2,1,0,0,0,0
21:10:58,16755,46,2,1,0,0,0,0
21:10:59,16760,32,2,1,0,0,0,0
21:10:59,16760,0,2,1,0,0,0,0
21:11:00,16755,6,2,1,0,0,0,0
21:11:00,16755,12,2,1,0,0,0,0
21:11:01,16760,4,2,1,0,0,0,0
21:11:01,16760,2,2,1,0,0,0,0
21:11:02,16760,16,2,1,0,0,0,0
21:11:02,16755,8,2,1,0,0,0,0
21:11:03,16755,4,2,1,0,0,0,0
21:11:03,16755,6,2,1,0,0,0,0
21:11:04,16755,98,2,1,0,0,0,0
21:11:04,16760,102,2,1,0,0,0,0
21:11:05,16760,118,2,1,0,0,0,0
21:11:05,16760,16,2,1,0,0,0,0
21:11:06,16765,4,2,1,0,0,0,0
21:11:06,16765,114,2,1,0,0,0,0
21:11:07,16765,44,2,1,0,0,0,0
21:11:07,16765,24,2,1,0,0,0,0
21:11:08,16770,4,2,1,0,0,0,0
21:11:08,16770,222,2,1,0,0,0,0
21:11:09,16770,56,2,1,0,0,0,0
21:11:09,16765,122,2,1,0,0,0,0
21:11:10,16760,56,2,1,0,0,0,0
21:11:10,16765,18,2,1,0,0,0,0
21:11:11,16765,14,2,1,0,0,0,0
21:11:11,16765,12,2,1,0,0,0,0
21:11:12,16765,12,2,1,0,0,0,0
21:11:12,16765,0,2,1,0,0,0,0
21:11:13,16760,6,2,1,0,0,0,0
21:11:13,16765,16,2,1,0,0,0,0
21:11:14,16765,10,2,1,0,0,0,0
21:11:14,16760,24,2,1,0,0,0,0
21:11:15,16765,16,2,1,0,0,0,0
21:11:15,16765,66,2,1,0,0,0,0
21:11:16,16760,100,2,1,0,0,0,0
21:11:16,16760,10,2,1,0,0,0,0
21:11:17,16760,18,2,1,0,0,0,0
21:11:17,16765,16,2,1,0,0,0,0
21:11:18,16760,16,2,1,0,0,0,0
21:11:18,16765,54,2,1,0,0,0,0
21:11:19,16760,14,2,1,0,0,0,0
21:11:19,16765,14,2,1,0,0,0,0
21:11:20,16765,26,2,1,0,0,0,0
21:11:20,16765,32,2,1,0,0,0,0
21:11:21,16765,2,2,1,0,0,0,0
21:11:21,16765,8,2,1,0,0,0,0
21:11:22,16765,16,2,1,0,0,0,0
21:11:22,16765,24,2,1,0,0,0,0
21:11:23,16765,16,2,1,0,0,0,0
21:11:23,16760,8,2,1,0,0,0,0
21:11:24,16765,6,2,1,0,0,0,0
21:11:24,16765,46,2,1,0,0,0,0
21:11:25,16765,8,2,1,0,0,0,0
21:11:25,16760,24,2,1,0,0,0,0
21:11:26,16765,4,2,1,0,0,0,0
21:11:26,16765,18,2,1,0,0,0,0
21:11:27,16765,8,2,1,0,0,0,0
21:11:27,16760,2,2,1,0,0,0,0
21:11:28,16760,28,2,1,0,0,0,0
21:11:28,16760,12,2,1,0,0,0,0
21:11:29,16755,8,2,1,0,0,0,0
21:11:29,16760,4,2,1,0,0,0,0
21:11:30,16755,112,2,1,0,0,0,0
21:11:30,16755,10,2,1,0,0,0,0
21:11:31,16755,36,2,1,0,0,0,0
21:11:31,16755,4,2,1,0,0,0,0
21:11:32,16755,10,2,1,0,0,0,0
21:11:32,16755,2,2,1,0,0,0,0
21:11:33,16755,8,2,1,0,0,0,0
21:11:33,16760,20,2,1,0,0,0,0
21:11:34,16755,2,2,1,0,0,0,0
21:11:34,16760,4,2,1,0,0,0,0
21:11:35,16755,4,2,1,0,0,0,0
21:11:35,16755,32,2,1,0,0,0,0
21:11:36,16755,6,2,1,0,0,0,0
21:11:36,16755,4,2,1,0,0,0,0
21:11:37,16755,2,2,1,0,0,0,0
21:11:37,16750,2,2,1,0,0,0,0
21:11:38,16755,14,2,1,0,0,0,0
21:11:38,16750,16,2,1,0,0,0,0
21:11:39,16750,2,2,1,0,0,0,0
21:11:39,16755,2,2,1,0,0,0,0
21:11:40,16755,0,2,1,0,0,0,0
21:11:40,16755,12,2,1,0,0,0,0
21:11:41,16750,6,2,1,0,0,0,0
21:11:41,16750,8,2,1,0,0,0,0
21:11:42,16755,6,2,1,0,0,0,0
21:11:42,16755,52,2,1,0,0,0,0
21:11:43,16750,128,2,1,0,0,0,0
21:11:43,16750,14,2,1,0,0,0,0
21:11:44,16750,0,2,1,0,0,0,0
21:11:44,16750,16,2,1,0,0,0,0
21:11:45,16750,6,2,1,0,0,0,0
21:11:45,16750,0,2,1,0,0,0,0
21:11:46,16750,0,2,1,0,0,0,0
21:11:46,16750,6,2,1,0,0,0,0
21:11:47,16750,2,2,1,0,0,0,0
21:11:47,16750,2,2,1,0,0,0,0
21:11:48,16750,8,2,1,0,0,0,0
21:11:48,16750,0,2,1,0,0,0,0
21:11:49,16750,0,2,1,0,0,0,0
21:11:49,16750,8,2,1,0,0,0,0
21:11:50,16750,4,2,1,0,0,0,0
21:11:50,16750,48,2,1,0,0,0,0
21:11:51,16750,10,2,1,0,0,0,0
21:11:51,16750,12,2,1,0,0,0,0
21:11:52,16745,4,2,1,0,0,0,0
21:11:52,16745,20,2,1,0,0,0,0
21:11:53,16750,2,2,1,0,0,0,0
21:11:53,16745,8,2,1,0,0,0,0
21:11:54,16750,4,2,1,0,0,0,0
21:11:54,16750,0,2,1,0,0,0,0
21:11:55,16745,6,2,1,0,0,0,0
21:11:55,16745,4,2,1,0,0,0,0
21:11:56,16750,4,2,1,0,0,0,0
21:11:56,16750,18,2,1,0,0,0,0
21:11:57,16750,6,2,1,0,0,0,0
21:11:57,16745,22,2,1,0,0,0,0
21:11:58,16750,6,2,1,0,0,0,0
21:11:58,16750,4,2,1,0,0,0,0
21:11:59,16750,2,2,1,0,0,0,0
21:11:59,16750,34,2,1,0,0,0,0
21:12:00,16750,48,1,1,0,0,0,0
21:12:00,16745,16,1,1,0,0,0,0
21:12:01,16745,0,1,1,0,0,0,0
21:12:01,16745,0,1,1,0,0,0,0
21:12:02,16750,2,1,1,0,0,0,0
21:12:02,16755,14,1,1,0,0,0,0
21:12:03,16755,0,1,1,0,0,0,0
21:12:03,16755,2,1,1,0,0,0,0
21:12:04,16755,2,1,1,0,0,0,0
21:12:04,16755,0,1,1,0,0,0,0
21:12:05,16755,0,1,1,0,0,0,0
21:12:05,16755,0,1,1,0,0,0,0
21:12:06,16750,12,1,1,0,0,0,0
21:12:06,16750,0,1,1,0,0,0,0
21:12:07,16750,4,1,1,0,0,0,0
21:12:07,16750,4,1,1,0,0,0,0
21:12:08,16755,2,1,1,0,0,0,0
21:12:08,16755,0,1,1,0,0,0,0
21:12:09,16755,4,1,1,0,0,0,0
21:12:09,16755,38,1,1,0,0,0,0
21:12:10,16755,0,1,1,0,0,0,0
21:12:10,16755,4,1,1,0,0,0,0
21:12:11,16755,0,1,1,0,0,0,0
21:12:11,16755,0,1,1,0,0,0,0
21:12:12,16755,0,1,1,0,0,0,0
21:12:12,16755,0,1,1,0,0,0,0
21:12:13,16760,2,1,1,0,0,0,0
21:12:13,16755,2,1,1,0,0,0,0
21:12:14,16760,2,1,1,0,0,0,0
21:12:14,16760,0,1,1,0,0,0,0
21:12:15,16755,20,1,1,0,0,0,0
21:12:15,16755,0,1,1,0,0,0,0
21:12:16,16755,2,1,1,0,0,0,0
21:12:16,16755,8,1,1,0,0,0,0
21:12:17,16755,12,1,1,0,0,0,0
21:12:17,16755,18,1,1,0,0,0,0
21:12:18,16755,0,1,1,0,0,0,0
21:12:18,16755,10,1,1,0,0,0,0
21:12:19,16755,2,1,1,0,0,0,0
21:12:19,16755,0,1,1,0,0,0,0
21:12:20,16755,0,1,1,0,0,0,0
21:12:20,16760,2,1,1,0,0,0,0
21:12:21,16760,6,1,1,0,0,0,0
21:12:21,16760,0,1,1,0,0,0,0
21:12:22,16760,4,1,1,0,0,0,0
21:12:22,16760,0,1,1,0,0,0,0
21:12:23,16755,2,1,1,0,0,0,0
21:12:23,16755,0,1,1,0,0,0,0
21:12:24,16755,18,1,1,0,0,0,0
21:12:24,16755,4,1,1,0,0,0,0
21:12:25,16755,0,1,1,0,0,0,0
21:12:25,16755,0,1,1,0,0,0,0
21:12:26,16755,0,1,1,0,0,0,0
21:12:26,16760,4,1,1,0,0,0,0
21:12:27,16755,2,1,1,0,0,0,0
21:12:27,16760,6,1,1,0,0,0,0
21:12:28,16755,2,1,1,0,0,0,0
21:12:28,16755,0,1,1,0,0,0,0
21:12:29,16755,0,1,1,0,0,0,0
21:12:29,16755,0,1,1,0,0,0,0
21:12:30,16755,0,1,1,0,0,0,0
21:12:30,16755,0,1,1,0,0,0,0
21:12:31,16760,2,1,1,0,0,0,0
21:12:31,16760,4,1,1,0,0,0,0
21:12:32,16760,0,1,1,0,0,0,0
21:12:32,16760,2,1,1,0,0,0,0
21:12:33,16755,4,1,1,0,0,0,0
21:12:33,16760,16,1,1,0,0,0,0
21:12:34,16760,0,1,1,0,0,0,0
21:12:34,16760,2,1,1,0,0,0,0
21:12:35,16760,0,1,1,0,0,0,0
21:12:35,16755,2,1,1,0,0,0,0
21:12:36,16760,26,1,1,0,0,0,0
21:12:36,16755,6,1,1,0,0,0,0
21:12:37,16755,64,1,1,0,0,0,0
21:12:37,16755,4,1,1,0,0,0,0
21:12:38,16760,140,2,1,1,0,1,0
21:12:38,16760,0,2,1,1,0,1,0
21:12:39,16760,2,2,1,1,0,1,0
21:12:39,16755,24,1,1,1,0,1,0
21:12:40,16755,0,1,1,1,0,1,0
21:12:40,16755,4,1,1,1,0,1,0
21:12:41,16755,14,1,1,1,0,1,0
21:12:41,16755,2,1,1,1,0,1,0
21:12:42,16755,4,1,1,1,0,1,0
21:12:42,16755,0,1,1,1,0,1,0
21:12:43,16755,0,1,1,1,0,1,0
21:12:43,16755,0,1,1,1,0,1,0
21:12:44,16755,2,1,1,1,0,1,0
21:12:44,16755,0,1,1,1,0,1,0
21:12:45,16755,28,1,1,1,0,1,0
21:12:45,16755,4,1,1,1,0,1,0
21:12:46,16755,24,1,1,1,0,1,0
21:12:46,16755,0,1,1,1,0,1,0
21:12:47,16755,0,1,1,1,0,1,0
21:12:47,16755,6,1,1,1,0,1,0
21:12:48,16755,26,1,1,1,0,1,0
21:12:48,16755,0,1,1,1,0,1,0
21:12:49,16750,4,1,1,1,0,1,0
21:12:49,16755,20,1,1,1,0,1,0
21:12:50,16755,2,1,1,1,0,1,0
21:12:50,16750,10,1,1,1,0,1,0
21:12:51,16750,0,1,1,1,0,1,0
21:12:51,16755,8,1,0,1,0,1,0
21:12:52,16755,4,1,0,1,0,1,0
21:12:52,16755,0,1,0,1,0,1,0
21:12:53,16755,0,1,0,1,0,0,0
21:12:53,16755,0,1,0,1,0,0,0
21:12:54,16755,2,1,0,1,0,0,0
21:12:54,16755,2,1,0,1,0,0,0
21:12:55,16755,0,1,0,1,0,0,0
21:12:55,16755,2,1,0,1,0,0,0
21:12:56,16755,0,1,0,1,0,0,0
21:12:56,16755,0,1,0,1,0,0,0
21:12:57,16755,0,1,0,1,0,0,0
21:12:57,16750,14,1,0,1,0,0,0
21:12:58,16750,0,1,0,1,0,0,0
21:12:58,16755,2,1,0,1,0,0,0
21:12:59,16755,0,1,0,1,0,0,0
21:12:59,16755,10,1,0,1,0,0,0
21:13:00,16755,0,1,0,1,0,0,0
21:13:00,16755,0,1,0,1,0,0,0
21:13:01,16750,24,1,0,1,0,0,0
21:13:01,16755,10,1,0,1,0,0,0
21:13:02,16755,2,1,0,1,0,0,0
21:13:02,16755,0,1,0,1,0,0,0
21:13:03,16750,2,1,0,1,0,0,0
21:13:03,16750,0,1,0,1,0,0,0
21:13:04,16750,0,1,0,1,0,0,0
21:13:04,16755,6,1,0,1,0,0,0
21:13:05,16755,0,1,0,1,0,0,0
21:13:05,16755,4,1,0,1,0,0,0
21:13:06,16750,2,1,0,1,0,0,0
21:13:06,16755,2,1,0,1,0,0,0
21:13:07,16755,2,1,0,1,0,0,0
21:13:07,16755,2,1,0,1,0,0,0
21:13:08,16755,0,1,0,1,0,0,0
21:13:08,16755,0,1,0,1,0,0,0
21:13:09,16750,2,1,0,1,0,0,0
21:13:09,16750,2,1,0,1,0,0,0
21:13:10,16750,0,1,0,1,0,0,0
21:13:10,16750,4,1,0,1,0,0,0
21:13:11,16750,0,1,0,1,0,0,0
21:13:11,16750,0,1,0,1,0,0,0
21:13:12,16750,6,1,0,1,0,0,0
21:13:12,16750,2,1,0,1,0,0,0
21:13:13,16750,44,1,0,1,0,0,0
21:13:13,16750,122,1,0,1,0,0,0
21:13:14,16750,150,1,0,1,0,0,0
21:13:14,16745,4,1,0,1,0,0,0
21:13:15,16750,8,1,0,1,0,0,0
21:13:15,16745,14,1,0,1,0,0,0
21:13:16,16745,20,1,0,1,0,0,0
21:13:16,16745,0,1,0,1,0,0,0
21:13:17,16745,0,1,0,1,0,0,0
21:13:17,16750,4,1,0,1,0,0,0
21:13:18,16750,0,1,0,1,0,0,0
21:13:18,16745,2,1,0,1,0,0,0
21:13:19,16745,0,1,0,1,0,0,0
21:13:19,16750,6,1,0,1,0,0,0
21:13:20,16750,0,1,0,1,0,0,0
21:13:20,16750,6,1,0,1,0,0,0
21:13:21,16750,0,1,0,1,0,0,0
21:13:21,16745,2,1,0,1,0,0,0
21:13:22,16750,26,1,0,1,0,0,0
21:13:22,16745,4,1,0,1,0,0,0
21:13:23,16745,42,1,0,1,0,0,0
21:13:23,16750,2,1,0,1,0,0,0
21:13:24,16745,6,1,0,1,0,0,0
21:13:24,16745,6,1,0,1,0,0,0
21:13:25,16750,10,1,0,1,0,0,0
21:13:25,16745,6,1,0,1,0,0,0
21:13:26,16745,2,1,0,1,0,0,0
21:13:26,16750,20,1,0,1,0,0,0
21:13:27,16745,46,1,0,1,0,0,0
21:13:27,16750,34,1,0,1,0,0,0
21:13:28,16750,6,1,0,1,0,0,0
21:13:28,16750,0,1,0,1,0,0,0
21:13:29,16750,10,1,0,1,0,0,0
21:13:29,16750,6,1,0,1,0,0,0
21:13:30,16750,0,1,0,1,0,0,0
21:13:30,16750,8,1,0,1,0,0,0
21:13:31,16750,0,1,0,1,0,0,0
21:13:31,16750,10,1,0,1,0,0,0
21:13:32,16750,20,1,0,1,0,0,0
21:13:32,16750,56,1,0,1,0,0,0
21:13:33,16750,24,1,0,1,0,0,0
21:13:33,16750,2,1,0,1,0,0,0
21:13:34,16745,2,1,0,1,0,0,0
21:13:34,16745,0,1,0,1,0,0,0
21:13:35,16750,2,1,0,1,0,0,0
21:13:35,16750,4,1,0,1,0,0,0
21:13:36,16745,2,1,0,1,0,0,0
21:13:36,16745,4,1,0,1,0,0,0
21:13:37,16750,6,1,0,1,0,0,0
21:13:37,16750,0,1,0,1,0,0,0
21:13:38,16750,0,1,0,0,0,0,0
21:13:38,16750,0,1,0,0,0,0,0
21:13:39,16750,18,1,0,0,0,0,0
21:13:39,16750,72,1,0,0,0,0,0
21:13:40,16750,42,1,0,0,0,0,0
21:13:40,16750,14,1,0,0,0,0,0
21:13:41,16750,8,1,0,0,0,0,0
21:13:41,16750,0,1,0,0,0,0,0
21:13:42,16755,2,1,0,0,0,0,0
21:13:42,16755,0,1,0,0,0,0,0
21:13:43,16750,2,1,0,0,0,0,0
21:13:43,16750,64,1,0,0,0,0,0
21:13:44,16745,14,1,0,0,0,0,0
21:13:44,16750,2,1,0,0,0,0,0
21:13:45,16745,6,1,0,0,0,0,0
21:13:45,16745,0,1,0,0,0,0,0
21:13:46,16745,2,1,0,0,0,0,0
21:13:46,16750,34,1,0,0,0,0,0
21:13:47,16745,4,1,0,0,0,0,0
21:13:47,16745,0,1,0,0,0,0,0
21:13:48,16745,0,1,0,0,0,0,0
21:13:48,16745,4,1,0,0,0,0,0
21:13:49,16745,166,1,0,0,0,0,0
21:13:49,16745,0,1,0,0,0,0,0
21:13:50,16745,0,1,0,0,0,0,0
21:13:50,16740,10,1,0,0,0,0,0
21:13:51,16745,2,1,0,0,0,0,0
21:13:51,16740,6,1,0,0,0,0,0
21:13:52,16740,24,1,0,0,0,0,0
21:13:52,16745,8,1,0,0,0,0,0
21:13:53,16740,6,1,0,0,0,0,0
21:13:53,16740,10,1,0,0,0,0,0
21:13:54,16740,2,1,0,0,0,0,0
21:13:54,16740,16,1,0,0,0,0,0
21:13:55,16740,0,1,0,0,0,0,0
21:13:55,16740,0,1,0,0,0,0,0
21:13:56,16740,6,1,0,0,0,0,0
21:13:56,16740,0,1,0,0,0,0,0
21:13:57,16740,18,1,0,0,0,0,0
21:13:57,16740,20,1,0,0,0,0,0
21:13:58,16740,16,1,0,0,0,0,0
21:13:58,16740,2,1,0,0,0,0,0
21:13:59,16740,6,1,0,0,0,0,0
21:13:59,16740,4,1,0,0,0,0,0
21:14:00,16740,2,1,0,0,0,0,0
21:14:00,16740,4,1,0,0,0,0,0
21:14:01,16740,2,1,0,0,0,0,0
21:14:01,16740,28,1,0,0,0,0,0
21:14:02,16740,0,1,0,0,0,0,0
21:14:02,16740,4,1,0,0,0,0,0
21:14:03,16740,8,1,0,0,0,0,0
21:14:03,16745,18,1,0,0,0,0,0
21:14:04,16740,54,1,0,0,0,0,0
21:14:04,16740,100,1,0,0,0,0,0
21:14:05,16740,18,1,0,0,0,0,0
21:14:05,16735,4,1,0,0,0,0,0
21:14:06,16735,12,1,0,0,0,0,0
21:14:06,16735,60,1,0,0,0,0,0
21:14:07,16735,4,1,0,0,0,0,0
21:14:07,16735,6,1,0,0,0,0,0
21:14:08,16735,20,1,0,0,0,0,0
21:14:08,16735,2,1,0,0,0,0,0
21:14:09,16735,30,1,0,0,0,0,0
21:14:09,16730,4,1,0,0,0,0,0
21:14:10,16730,40,1,0,0,0,0,0
21:14:10,16730,48,1,0,0,0,0,0
21:14:11,16730,56,1,0,0,0,0,0
21:14:11,16730,18,1,0,0,0,0,0
21:14:12,16730,44,1,0,0,0,0,0
21:14:12,16735,10,1,0,0,0,0,0
21:14:13,16730,2,1,0,0,0,0,0
21:14:13,16730,2,1,0,0,0,0,0
21:14:14,16730,102,1,0,0,0,0,0
21:14:14,16730,34,1,0,0,0,0,0
21:14:15,16730,8,1,0,0,0,0,0
21:14:15,16730,10,1,0,0,0,0,0
21:14:16,16730,4,1,0,0,0,0,0
21:14:16,16725,4,1,0,0,0,0,0
21:14:17,16725,10,1,0,0,0,0,0
21:14:17,16725,66,1,0,0,0,0,0
21:14:18,16725,26,1,0,0,0,0,0
21:14:18,16725,14,1,0,0,0,0,0
21:14:19,16730,16,1,0,0,0,0,0
21:14:19,16730,50,1,0,0,0,0,0
21:14:20,16735,14,1,0,0,0,0,0
21:14:20,16730,22,1,0,0,0,0,0
21:14:21,16730,6,1,0,0,0,0,0
21:14:21,16730,0,1,0,0,0,0,0
21:14:22,16735,16,1,0,0,0,0,0
21:14:22,16735,20,1,0,0,0,0,0
21:14:23,16735,44,1,0,0,0,0,0
21:14:23,16735,12,1,0,0,0,0,0
21:14:24,16735,28,1,0,0,0,0,0
21:14:24,16735,10,1,0,0,0,0,0
21:14:25,16735,2,1,0,0,0,0,0
21:14:25,16735,0,1,0,0,0,0,0
21:14:26,16735,2,1,0,0,0,0,0
21:14:26,16735,54,1,0,0,0,0,0
21:14:27,16735,16,1,0,0,0,0,0
21:14:27,16735,0,1,0,0,0,0,0
21:14:28,16735,0,1,0,0,0,0,0
21:14:28,16730,2,1,0,0,0,0,0
21:14:29,16735,8,1,0,0,0,0,0
21:14:29,16735,0,1,0,0,0,0,0
21:14:30,16735,2,1,0,0,0,0,0
21:14:30,16730,4,1,0,0,0,0,0
21:14:31,16730,0,1,0,0,0,0,0
21:14:31,16735,8,1,0,0,0,0,0
21:14:32,16735,56,1,0,0,0,0,0
21:14:32,16735,0,1,0,0,0,0,0
21:14:33,16735,16,1,0,0,0,0,0
21:14:33,16735,2,1,0,0,0,0,0
21:14:34,16735,6,1,0,0,0,0,0
21:14:34,16735,14,1,0,0,0,0,0
21:14:35,16735,2,1,0,0,0,0,0
21:14:35,16735,0,1,0,0,0,0,0
21:14:36,16740,6,1,0,0,0,0,0
21:14:36,16735,4,1,0,0,0,0,0
21:14:37,16735,26,1,0,0,0,0,0
21:14:37,16735,42,1,0,0,0,0,0
21:14:38,16735,0,1,0,0,0,0,0
21:14:38,16735,0,1,0,0,0,0,0
21:14:39,16735,0,1,0,0,0,0,0
21:14:39,16735,4,1,0,0,0,0,0
21:14:40,16735,0,1,0,0,0,0,0
21:14:40,16735,24,1,0,0,0,0,0
21:14:41,16735,32,1,0,0,0,0,0
21:14:41,16735,0,1,0,0,0,0,0
21:14:42,16730,30,1,0,0,0,0,0
21:14:42,16735,8,1,0,0,0,0,0
21:14:43,16735,2,1,0,0,0,0,0
21:14:43,16735,0,1,0,0,0,0,0
21:14:44,16740,2,1,0,0,0,0,0
21:14:44,16735,2,1,0,0,0,0,0
21:14:45,16740,4,1,0,0,0,0,0
21:14:45,16735,10,1,0,0,0,0,0
21:14:46,16735,0,1,0,0,0,0,0
21:14:46,16735,0,1,0,0,0,0,0
21:14:47,16735,0,1,0,0,0,0,0
21:14:47,16735,0,1,0,0,0,0,0
21:14:48,16735,0,1,0,0,0,0,0
21:14:48,16735,0,1,0,0,0,0,0
21:14:49,16740,24,1,0,0,0,0,0
21:14:49,16740,0,1,0,0,0,0,0
21:14:50,16740,0,1,0,0,0,0,0
21:14:50,16740,0,1,0,0,0,0,0
21:14:51,16740,0,1,0,0,0,0,0
21:14:51,16740,0,1,0,0,0,0,0
21:14:52,16740,10,1,0,0,0,0,0
21:14:52,16735,4,1,0,0,0,0,0
21:14:53,16735,2,1,0,0,0,0,0
21:14:53,16735,4,1,0,0,0,0,0
21:14:54,16735,40,1,0,0,0,0,0
21:14:54,16735,28,1,0,0,0,0,0
21:14:55,16735,2,1,0,0,0,0,0
21:14:55,16735,2,1,0,0,0,0,0
21:14:56,16735,2,1,0,0,0,0,0
21:14:56,16735,86,1,0,0,0,0,0
21:14:57,16735,0,1,0,0,0,0,0
21:14:57,16735,2,1,0,0,0,0,0
21:14:58,16735,2,1,0,0,0,0,0
21:14:58,16735,2,1,0,0,0,0,0
21:14:59,16735,4,1,0,0,0,0,0
21:14:59,16740,166,1,0,0,0,0,0
21:15:00,16740,4,1,0,0,0,0,0
21:15:00,16735,34,1,1,0,1,0,1
21:15:01,16735,0,1,1,0,1,0,1
21:15:01,16735,60,1,1,0,1,0,1
21:15:02,16735,32,1,1,0,1,0,1
21:15:02,16735,32,1,1,0,1,0,1
21:15:03,16735,0,1,1,0,1,0,1
21:15:03,16735,2,1,1,0,1,0,1
21:15:04,16735,32,1,1,0,1,0,1
21:15:04,16735,4,1,1,0,1,0,1
21:15:05,16730,24,1,1,0,1,0,1
21:15:05,16730,18,1,1,0,1,0,1
21:15:06,16735,40,1,1,0,1,0,1
21:15:06,16730,6,1,1,0,1,0,1
21:15:07,16730,18,1,1,0,1,0,1
21:15:07,16735,30,1,1,0,1,0,1
21:15:08,16730,2,1,1,0,1,0,1
21:15:08,16735,48,1,1,0,1,0,1
21:15:09,16735,30,1,1,0,1,0,1
21:15:09,16735,6,1,1,0,1,0,1
21:15:10,16735,2,1,1,0,1,0,1
21:15:10,16735,4,1,1,0,1,0,1
21:15:11,16730,34,1,2,0,2,0,2
21:15:11,16730,0,1,2,0,2,0,2
21:15:12,16735,8,1,2,0,2,0,2
21:15:12,16735,0,1,2,0,2,0,2
21:15:13,16735,0,1,2,0,2,0,2
21:15:13,16730,2,1,2,0,2,0,2
21:15:14,16730,0,1,2,0,2,0,2
21:15:14,16730,0,1,2,0,2,0,2
21:15:15,16730,42,1,2,0,2,0,2
21:15:15,16735,26,1,2,0,2,0,1
21:15:16,16735,2,1,2,0,2,0,1
21:15:16,16740,2,1,2,0,2,0,1
21:15:17,16735,26,1,2,0,2,0,1
21:15:17,16735,32,1,2,0,2,0,1
21:15:18,16735,2,1,2,0,2,0,1
21:15:18,16735,8,1,2,0,2,0,1
21:15:19,16735,8,1,2,0,2,0,1
21:15:19,16735,0,1,2,0,2,0,1
21:15:20,16735,0,1,2,0,2,0,1
21:15:20,16735,2,1,2,0,2,0,1
21:15:21,16735,2,1,2,0,2,0,1
21:15:21,16735,6,1,2,0,2,0,1
21:15:22,16735,0,1,2,0,2,0,1
21:15:22,16735,30,1,2,0,2,0,1
21:15:23,16735,4,1,2,0,2,0,1
21:15:23,16740,8,1,2,0,2,0,1
21:15:24,16740,0,1,2,0,2,0,1
21:15:24,16735,4,1,2,0,2,0,1
21:15:25,16735,2,1,2,0,2,0,1
21:15:25,16735,4,1,2,0,2,0,1
21:15:26,16735,2,1,2,0,2,0,0
21:15:26,16735,0,1,2,0,2,0,0
21:15:27,16735,2,1,2,0,2,0,0
21:15:27,16740,2,1,2,0,2,0,0
21:15:28,16735,4,1,2,0,2,0,0
21:15:28,16735,2,1,2,0,2,0,0
21:15:29,16735,4,1,2,0,2,0,0
21:15:29,16740,6,1,2,0,2,0,0
21:15:30,16735,46,1,2,0,2,0,0
21:15:30,16735,0,1,2,0,2,0,0
21:15:31,16735,0,1,2,0,2,0,0
21:15:31,16735,0,1,2,0,2,0,0
21:15:32,16735,10,1,2,0,2,0,0
21:15:32,16735,2,1,2,0,2,0,0
21:15:33,16735,20,1,2,0,2,0,0
21:15:33,16735,2,1,2,0,2,0,0
21:15:34,16735,0,1,2,0,2,0,0
21:15:34,16730,40,1,2,0,2,0,0
21:15:35,16730,20,1,2,0,2,0,0
21:15:35,16730,26,1,2,0,2,0,0
21:15:36,16730,20,1,2,0,2,0,0
21:15:36,16730,10,1,2,0,2,0,0
21:15:37,16735,18,1,2,0,2,0,0
21:15:37,16730,4,1,2,0,2,0,0
21:15:38,16730,2,0,2,0,2,0,0
21:15:38,16730,18,0,2,0,2,0,0
21:15:39,16730,2,0,2,0,2,0,0
21:15:39,16730,2,0,2,0,2,0,0
21:15:40,16730,84,0,2,0,2,0,0
21:15:40,16730,32,0,2,0,2,0,0
21:15:41,16730,20,0,2,0,2,0,0
21:15:41,16730,0,0,2,0,2,0,0
21:15:42,16730,6,0,2,0,2,0,0
21:15:42,16725,12,0,2,0,2,0,0
21:15:43,16730,14,0,2,0,2,0,0
21:15:43,16730,2,0,2,0,2,0,0
21:15:44,16730,6,0,2,0,2,0,0
21:15:44,16730,16,0,2,0,2,0,0
21:15:45,16730,14,0,2,0,2,0,0
21:15:45,16730,0,0,2,0,2,0,0
21:15:46,16730,12,0,2,0,2,0,0
21:15:46,16725,4,0,2,0,2,0,0
21:15:47,16730,2,0,2,0,2,0,0
21:15:47,16725,28,0,2,0,2,0,0
21:15:48,16725,8,0,2,0,2,0,0
21:15:48,16725,2,0,2,0,2,0,0
21:15:49,16730,4,0,2,0,2,0,0
21:15:49,16725,2,0,2,0,2,0,0
21:15:50,16725,4,0,2,0,2,0,0
21:15:50,16730,2,0,2,0,2,0,0
21:15:51,16725,8,0,2,0,2,0,0
21:15:51,16725,6,0,2,0,2,0,0
21:15:52,16725,2,0,2,0,2,0,0
21:15:52,16725,30,0,2,0,2,0,0
21:15:53,16725,4,0,2,0,2,0,0
21:15:53,16725,8,0,2,0,2,0,0
21:15:54,16730,10,0,2,0,2,0,0
21:15:54,16725,34,0,2,0,2,0,0
21:15:55,16725,62,0,2,0,2,0,0
21:15:55,16725,46,0,2,0,2,0,0
21:15:56,16725,46,0,2,0,2,0,0
21:15:56,16720,20,0,2,0,2,0,0
21:15:57,16720,94,0,2,0,2,0,0
21:15:57,16725,24,0,2,0,2,0,0
21:15:58,16725,8,0,2,0,2,0,0
21:15:58,16725,12,0,2,0,2,0,0
21:15:59,16725,20,0,2,0,2,0,0
21:15:59,16730,124,0,2,0,2,0,0
21:16:00,16730,122,0,2,0,2,0,0
21:16:00,16730,124,0,2,0,1,0,0
21:16:01,16735,42,0,2,0,1,0,0
21:16:01,16735,2,0,2,0,1,0,0
21:16:02,16735,0,0,2,0,1,0,0
21:16:02,16740,4,0,2,0,1,0,0
21:16:03,16735,34,0,2,0,1,0,0
21:16:03,16735,0,0,2,0,1,0,0
21:16:04,16740,6,0,2,0,1,0,0
21:16:04,16735,24,0,2,0,1,0,0
21:16:05,16735,0,0,2,0,1,0,0
21:16:05,16735,0,0,2,0,1,0,0
21:16:06,16735,0,0,2,0,1,0,0
21:16:06,16735,4,0,2,0,1,0,0
21:16:07,16740,4,0,2,0,1,0,0
21:16:07,16735,2,0,2,0,1,0,0
21:16:08,16740,8,0,2,0,1,0,0
21:16:08,16740,0,0,2,0,1,0,0
21:16:09,16740,4,0,2,0,1,0,0
21:16:09,16740,2,0,2,0,1,0,0
21:16:10,16740,2,0,2,0,1,0,0
21:16:10,16735,2,0,2,0,1,0,0
21:16:11,16735,0,0,2,0,0,0,0
21:16:11,16735,0,0,2,0,0,0,0
21:16:12,16735,8,0,2,0,0,0,0
21:16:12,16735,0,0,2,0,0,0,0
21:16:13,16735,2,0,2,0,0,0,0
21:16:13,16735,0,0,2,0,0,0,0
21:16:14,16740,6,0,2,0,0,0,0
21:16:14,16740,4,0,2,0,0,0,0
21:16:15,16735,20,0,2,0,0,0,0
21:16:15,16735,2,0,2,0,0,0,0
21:16:16,16735,4,0,2,0,0,0,0
21:16:16,16740,4,0,2,0,0,0,0
21:16:17,16740,0,0,2,0,0,0,0
21:16:17,16740,0,0,2,0,0,0,0
21:16:18,16740,0,0,2,0,0,0,0
21:16:18,16735,6,0,2,0,0,0,0
21:16:19,16740,4,0,2,0,0,0,0
21:16:19,16740,10,0,2,0,0,0,0
21:16:20,16740,0,0,2,0,0,0,0
21:16:20,16740,8,0,2,0,0,0,0
21:16:21,16740,0,0,2,0,0,0,0
21:16:21,16735,30,0,2,0,0,0,0
21:16:22,16735,10,0,2,0,0,0,0
21:16:22,16735,10,0,2,0,0,0,0
21:16:23,16735,2,0,2,0,0,0,0
21:16:23,16740,16,0,2,0,0,0,0
21:16:24,16740,86,0,2,0,0,0,0
21:16:24,16740,2,0,2,0,0,0,0
21:16:25,16740,12,0,2,0,0,0,0
21:16:25,16740,0,0,2,0,0,0,0
21:16:26,16735,26,0,2,0,0,0,0
21:16:26,16740,50,0,2,0,0,0,0
21:16:27,16740,70,0,2,0,0,0,0
21:16:27,16740,0,0,2,0,0,0,0
21:16:28,16740,0,0,2,0,0,0,0
21:16:28,16740,0,0,2,0,0,0,0
21:16:29,16740,44,0,2,0,0,0,0
21:16:29,16740,0,0,2,0,0,0,0
21:16:30,16740,0,0,2,0,0,0,0
21:16:30,16740,60,0,2,0,0,0,0
21:16:31,16740,12,0,2,0,0,0,0
21:16:31,16740,2,0,2,0,0,0,0
21:16:32,16740,0,0,2,0,0,0,0
21:16:32,16735,18,0,2,0,0,0,0
21:16:33,16735,0,0,2,0,0,0,0
21:16:33,16735,4,0,2,0,0,0,0
21:16:34,16735,0,0,2,0,0,0,0
21:16:34,16740,2,0,2,0,0,0,0
21:16:35,16740,2,0,2,0,0,0,0
21:16:35,16740,0,0,2,0,0,0,0
21:16:36,16740,6,0,2,0,0,0,0
21:16:36,16735,4,0,2,0,0,0,0
21:16:37,16735,8,0,2,0,0,0,0
21:16:37,16735,0,0,2,0,0,0,0
21:16:38,16740,10,0,2,0,0,0,0
21:16:38,16740,6,0,2,0,0,0,0
21:16:39,16740,10,0,2,0,0,0,0
21:16:39,16740,14,0,2,0,0,0,0
21:16:40,16740,28,0,2,0,0,0,0
21:16:40,16740,14,0,2,0,0,0,0
21:16:41,16740,10,0,2,0,0,0,0
21:16:41,16740,8,0,2,0,0,0,0
21:16:42,16740,2,0,2,0,0,0,0
21:16:42,16740,2,0,2,0,0,0,0
21:16:43,16740,4,0,2,0,0,0,0
21:16:43,16740,20,0,2,0,0,0,0
21:16:44,16735,4,0,2,0,0,0,0
21:16:44,16740,8,0,2,0,0,0,0
21:16:45,16740,0,0,2,0,0,0,0
21:16:45,16740,0,0,2,0,0,0,0
21:16:46,16740,0,0,2,0,0,0,0
21:16:46,16740,0,0,2,0,0,0,0
21:16:47,16740,0,0,2,0,0,0,0
21:16:47,16740,0,0,2,0,0,0,0
21:16:48,16740,8,0,2,0,0,0,0
21:16:48,16740,28,0,2,0,0,0,0
21:16:49,16740,2,0,2,0,0,0,0
21:16:49,16740,0,0,2,0,0,0,0
21:16:50,16740,2,0,2,0,0,0,0
21:16:50,16740,0,0,2,0,0,0,0
21:16:51,16740,0,0,2,0,0,0,0
21:16:51,16740,2,0,2,0,0,0,0
21:16:52,16740,2,0,2,0,0,0,0
21:16:52,16745,2,0,2,0,0,0,0
21:16:53,16745,0,0,2,0,0,0,0
21:16:53,16745,4,0,2,0,0,0,0
21:16:54,16740,4,0,2,0,0,0,0
21:16:54,16740,0,0,2,0,0,0,0
21:16:55,16740,2,0,2,0,0,0,0
21:16:55,16745,4,0,2,0,0,0,0
21:16:56,16745,0,0,2,0,0,0,0
21:16:56,16740,2,0,2,0,0,0,0
21:16:57,16745,4,0,2,0,0,0,0
21:16:57,16745,40,0,2,0,0,0,0
21:16:58,16745,2,0,2,0,0,0,0
21:16:58,16745,2,0,2,0,0,0,0
21:16:59,16745,10,0,2,0,0,0,0
21:16:59,16745,158,0,2,0,0,0,0
21:17:00,16750,8,0,2,0,0,0,0
21:17:00,16750,4,0,2,0,0,0,0
21:17:01,16750,56,0,2,0,0,0,0
21:17:01,16745,26,0,2,0,0,0,0
21:17:02,16750,26,0,2,0,0,0,0
21:17:02,16750,4,0,2,0,0,0,0
21:17:03,16750,28,0,2,0,0,0,0
21:17:03,16750,10,0,2,0,0,0,0
21:17:04,16750,82,0,2,0,0,0,0
21:17:04,16750,2,0,2,0,0,0,0
21:17:05,16755,8,0,2,0,0,0,0
21:17:05,16755,8,0,2,0,0,0,0
21:17:06,16755,22,0,2,0,0,0,0
21:17:06,16755,4,0,2,0,0,0,0
21:17:07,16755,20,0,2,0,0,0,0
21:17:07,16755,8,0,2,0,0,0,0
21:17:08,16755,2,0,2,0,0,0,0
21:17:08,16755,12,0,2,0,0,0,0
21:17:09,16750,18,0,2,0,0,0,0
21:17:09,16755,36,0,2,0,0,0,0
21:17:10,16755,8,0,2,0,0,0,0
21:17:10,16750,12,0,2,0,0,0,0
21:17:11,16755,2,0,2,0,0,0,0
21:17:11,16755,4,0,2,0,0,0,0
21:17:12,16755,4,0,2,0,0,0,0
21:17:12,16755,0,0,2,0,0,0,0
21:17:13,16755,8,0,2,0,0,0,0
21:17:13,16755,22,0,2,0,0,0,0
21:17:14,16755,12,0,2,0,0,0,0
21:17:14,16755,0,0,2,0,0,0,0
21:17:15,16755,20,0,2,0,0,0,0
21:17:15,16755,4,0,2,0,0,0,0
21:17:16,16755,4,0,2,0,0,0,0
21:17:16,16750,10,0,2,0,0,0,0
21:17:17,16755,8,0,2,0,0,0,0
21:17:17,16755,16,0,2,0,0,0,0
21:17:18,16755,2,0,2,0,0,0,0
21:17:18,16750,40,0,2,0,0,0,0
21:17:19,16750,2,0,2,0,0,0,0
21:17:19,16755,2,0,2,0,0,0,0
21:17:20,16755,36,0,2,0,0,0,0
21:17:20,16750,8,0,2,0,0,0,0
21:17:21,16755,6,0,2,0,0,0,0
21:17:21,16755,2,0,2,0,0,0,0
21:17:22,16755,4,0,2,0,0,0,0
21:17:22,16755,6,0,2,0,0,0,0
21:17:23,16755,0,0,2,0,0,0,0
21:17:23,16755,4,0,2,0,0,0,0
21:17:24,16755,4,0,2,0,0,0,0
21:17:24,16755,32,0,2,0,0,0,0
21:17:25,16750,22,0,2,0,0,0,0
21:17:25,16755,6,0,2,0,0,0,0
21:17:26,16755,28,0,2,0,0,0,0
21:17:26,16755,2,0,2,0,0,0,0
21:17:27,16750,4,0,2,0,0,0,0
21:17:27,16755,14,0,2,0,0,0,0
21:17:28,16755,18,0,2,0,0,0,0
21:17:28,16755,18,0,2,0,0,0,0
21:17:29,16755,20,0,2,0,0,0,0
21:17:29,16755,20,0,2,0,0,0,0
21:17:30,16755,10,0,2,0,0,0,0
21:17:30,16750,14,0,2,0,0,0,0
21:17:31,16750,4,0,2,0,0,0,0
21:17:31,16755,14,0,2,0,0,0,0
21:17:32,16755,6,0,2,0,0,0,0
21:17:32,16760,38,0,2,0,0,0,0
21:17:33,16755,36,0,2,0,0,0,0
21:17:33,16755,10,0,2,0,0,0,0
21:17:34,16755,32,0,2,0,0,0,0
21:17:34,16755,4,0,2,0,0,0,0
21:17:35,16750,30,0,2,0,0,0,0
21:17:35,16750,10,0,2,0,0,0,0
21:17:36,16755,26,0,2,0,0,0,0
21:17:36,16755,8,0,2,0,0,0,0
21:17:37,16750,2,0,2,0,0,0,0
21:17:37,16750,0,0,2,0,0,0,0
21:17:38,16755,6,0,2,0,0,0,0
21:17:38,16755,2,0,2,0,0,0,0
21:17:39,16755,2,0,2,0,0,0,0
21:17:39,16750,6,0,2,0,0,0,0
21:17:40,16755,6,0,2,0,0,0,0
21:17:40,16755,6,0,2,0,0,0,0
21:17:41,16750,2,0,2,0,0,0,0
21:17:41,16750,0,0,2,0,0,0,0
21:17:42,16755,2,0,2,0,0,0,0
21:17:42,16755,4,0,2,0,0,0,0
21:17:43,16755,4,0,2,0,0,0,0
21:17:43,16755,0,0,2,0,0,0,0
21:17:44,16750,2,0,2,0,0,0,0
21:17:44,16755,10,0,2,0,0,0,0
21:17:45,16755,56,0,2,0,0,0,0
21:17:45,16755,0,0,2,0,0,0,0
21:17:46,16755,0,0,2,0,0,0,0
21:17:46,16755,6,0,2,0,0,0,0
21:17:47,16755,0,0,2,0,0,0,0
21:17:47,16755,6,0,2,0,0,0,0
21:17:48,16760,54,0,2,0,0,0,0
21:17:48,16755,48,0,2,0,0,0,0
21:17:49,16755,14,0,2,0,0,0,0
21:17:49,16760,38,0,2,0,0,0,0
21:17:50,16760,40,0,2,0,0,0,0
21:17:50,16760,0,0,2,0,0,0,0
21:17:51,16760,102,0,2,0,0,0,0
21:17:51,16760,22,0,2,0,0,0,0
21:17:52,16765,18,0,2,0,0,0,0
21:17:52,16760,10,0,2,0,0,0,0
21:17:53,16760,22,0,2,0,0,0,0
21:17:53,16765,2,0,2,0,0,0,0
21:17:54,16765,8,0,2,0,0,0,0
21:17:54,16760,2,0,2,0,0,0,0
21:17:55,16760,58,0,2,0,0,0,0
21:17:55,16765,128,0,2,0,0,0,0
21:17:56,16765,4,0,2,0,0,0,0
21:17:56,16765,60,0,2,0,0,0,0
21:17:57,16760,2,0,2,0,0,0,0
21:17:57,16765,6,0,2,0,0,0,0
21:17:58,16765,14,0,2,0,0,0,0
21:17:58,16760,20,0,2,0,0,0,0
21:17:59,16760,8,0,2,0,0,0,0
21:17:59,16765,8,0,2,0,0,0,0
21:18:00,16760,6,0,2,0,0,0,0
21:18:00,16765,4,0,1,0,0,0,0
21:18:01,16760,20,0,1,0,0,0,0
21:18:01,16760,4,0,1,0,0,0,0
21:18:02,16760,10,0,1,0,0,0,0
21:18:02,16760,16,0,1,0,0,0,0
21:18:03,16765,6,0,1,0,0,0,0
21:18:03,16765,0,0,1,0,0,0,0
21:18:04,16760,26,0,1,0,0,0,0
21:18:04,16760,34,0,1,0,0,0,0
21:18:05,16760,36,0,1,0,0,0,0
21:18:05,16765,6,0,1,0,0,0,0
21:18:06,16760,4,0,1,0,0,0,0
21:18:06,16760,2,0,1,0,0,0,0
21:18:07,16765,4,0,1,0,0,0,0
21:18:07,16765,8,0,1,0,0,0,0
21:18:08,16760,12,0,1,0,0,0,0
21:18:08,16765,24,0,1,0,0,0,0
21:18:09,16760,2,0,1,0,0,0,0
21:18:09,16765,4,0,1,0,0,0,0
21:18:10,16760,6,0,1,0,0,0,0
21:18:10,16765,4,0,1,0,0,0,0
21:18:11,16765,28,0,0,0,0,0,0
21:18:11,16765,8,0,0,0,0,0,0
21:18:12,16760,2,0,0,0,0,0,0
21:18:12,16760,4,0,0,0,0,0,0
21:18:13,16765,26,0,0,0,0,0,0
21:18:13,16760,6,0,0,0,0,0,0
21:18:14,16765,16,0,0,0,0,0,0
21:18:14,16760,18,0,0,0,0,0,0
21:18:15,16760,2,0,0,0,0,0,0
21:18:15,16760,0,0,0,0,0,0,0
21:18:16,16765,8,0,0,0,0,0,0
21:18:16,16765,6,0,0,0,0,0,0
21:18:17,16765,20,0,0,0,0,0,0
21:18:17,16765,4,0,0,0,0,0,0
21:18:18,16765,22,0,0,0,0,0,0
21:18:18,16765,6,0,0,0,0,0,0
21:18:19,16765,4,0,0,0,0,0,0
21:18:19,16765,6,0,0,0,0,0,0
21:18:20,16765,2,0,0,0,0,0,0
21:18:20,16765,2,0,0,0,0,0,0
21:18:21,16765,14,0,0,0,0,0,0
21:18:21,16765,0,0,0,0,0,0,0
21:18:22,16765,4,0,0,0,0,0,0
21:18:22,16765,10,0,0,0,0,0,0
21:18:23,16765,40,0,0,0,0,0,0
21:18:23,16765,20,0,0,0,0,0,0
21:18:24,16760,16,0,0,0,0,0,0
21:18:24,16765,28,0,0,0,0,0,0
21:18:25,16770,44,0,0,0,0,0,0
21:18:25,16770,80,0,0,0,0,0,0
21:18:26,16775,238,1,0,1,0,1,0
21:18:26,16780,166,2,0,2,0,2,0
21:18:27,16775,88,2,0,2,0,2,0
21:18:27,16780,24,2,0,2,0,2,0
21:18:28,16780,32,2,0,2,0,2,0
21:18:28,16775,22,2,0,2,0,2,0
21:18:29,16780,46,2,0,2,0,2,0
21:18:29,16780,30,2,0,2,0,2,0
21:18:30,16775,180,2,0,2,0,2,0
21:18:30,16780,34,2,0,2,0,2,0
21:18:31,16775,28,2,0,2,0,2,0
21:18:31,16775,64,2,0,2,0,2,0
21:18:32,16780,20,2,0,2,0,2,0
21:18:32,16775,14,2,0,2,0,2,0
21:18:33,16780,16,2,0,2,0,2,0
21:18:33,16780,22,2,0,2,0,2,0
21:18:34,16780,60,2,0,2,0,2,0
21:18:34,16775,50,2,0,2,0,2,0
21:18:35,16780,30,2,0,2,0,2,0
21:18:35,16775,26,2,0,2,0,2,0
21:18:36,16780,12,2,0,2,0,2,0
21:18:36,16780,104,2,0,2,0,2,0
21:18:37,16780,6,2,0,2,0,2,0
21:18:37,16780,78,2,0,2,0,2,0
21:18:38,16785,34,2,0,2,0,2,0
21:18:38,16785,66,2,0,2,0,2,0
21:18:39,16790,38,2,0,2,0,2,0
21:18:39,16785,72,2,0,2,0,2,0
21:18:40,16790,48,2,0,2,0,2,0
21:18:40,16790,46,2,0,2,0,2,0
21:18:41,16795,44,2,0,2,0,1,0
21:18:41,16790,92,2,0,2,0,0,0
21:18:42,16790,74,2,0,2,0,0,0
21:18:42,16790,40,2,0,2,0,0,0
21:18:43,16790,54,2,0,2,0,0,0
21:18:43,16790,30,2,0,2,0,0,0
21:18:44,16790,52,2,0,2,0,0,0
21:18:44,16790,18,2,0,2,0,0,0
21:18:45,16790,36,2,0,2,0,0,0
21:18:45,16790,16,2,0,2,0,0,0
21:18:46,16790,14,2,0,2,0,0,0
21:18:46,16790,14,2,0,2,0,0,0
21:18:47,16795,66,2,0,2,0,0,0
21:18:47,16790,48,2,0,2,0,0,0
21:18:48,16790,42,2,0,2,0,0,0
21:18:48,16790,24,2,0,2,0,0,0
21:18:49,16790,12,2,0,2,0,0,0
21:18:49,16790,30,2,0,2,0,0,0
21:18:50,16790,22,2,0,2,0,0,0
21:18:50,16785,8,2,0,2,0,0,0
21:18:51,16785,22,2,0,2,0,0,0
21:18:51,16785,44,2,0,2,0,0,0
21:18:52,16785,54,2,0,2,0,0,0
21:18:52,16790,40,2,0,2,0,0,0
21:18:53,16785,32,2,0,2,0,0,0
21:18:53,16785,12,2,0,2,0,0,0
21:18:54,16785,10,2,0,2,0,0,0
21:18:54,16785,18,2,0,2,0,0,0
21:18:55,16785,8,2,0,2,0,0,0
21:18:55,16785,40,2,0,2,0,0,0
21:18:56,16780,72,2,0,2,0,0,0
21:18:56,16780,2,2,0,2,0,0,0
21:18:57,16785,2,2,0,2,0,0,0
21:18:57,16790,8,2,0,2,0,0,0
21:18:58,16790,10,2,0,2,0,0,0
21:18:58,16785,10,2,0,2,0,0,0
21:18:59,16790,16,2,0,2,0,0,0
21:18:59,16785,122,2,0,2,0,0,0
21:19:00,16790,8,2,0,2,0,0,0
21:19:00,16790,4,2,0,2,0,0,0
21:19:01,16790,0,2,0,2,0,0,0
21:19:01,16790,68,2,0,2,0,0,0
21:19:02,16785,64,2,0,2,0,0,0
21:19:02,16790,16,2,0,2,0,0,0
21:19:03,16790,8,2,0,2,0,0,0
21:19:03,16785,88,2,0,2,0,0,0
21:19:04,16780,6,2,0,2,0,0,0
21:19:04,16785,36,2,0,2,0,0,0
21:19:05,16780,14,2,0,2,0,0,0
21:19:05,16785,20,2,0,2,0,0,0
21:19:06,16780,12,2,0,2,0,0,0
21:19:06,16785,22,2,0,2,0,0,0
21:19:07,16785,126,2,0,2,0,0,0
21:19:07,16785,10,2,0,2,0,0,0
21:19:08,16780,24,2,0,2,0,0,0
21:19:08,16785,8,2,0,2,0,0,0
21:19:09,16780,2,2,0,2,0,0,0
21:19:09,16780,4,2,0,2,0,0,0
21:19:10,16785,14,2,0,2,0,0,0
21:19:10,16780,178,2,0,2,0,0,0
21:19:11,16780,8,2,0,2,0,0,0
21:19:11,16780,6,2,0,2,0,0,0
21:19:12,16780,38,2,0,2,0,0,0
21:19:12,16780,10,2,0,2,0,0,0
21:19:13,16780,72,2,0,2,0,0,0
21:19:13,16780,10,2,0,2,0,0,0
21:19:14,16780,6,2,0,2,0,0,0
21:19:14,16780,6,2,0,2,0,0,0
21:19:15,16780,6,2,0,2,0,0,0
21:19:15,16780,32,2,0,2,0,0,0
21:19:16,16780,58,2,0,2,0,0,0
21:19:16,16780,6,2,0,2,0,0,0
21:19:17,16780,18,2,0,2,0,0,0
21:19:17,16780,10,2,0,2,0,0,0
21:19:18,16780,2,2,0,2,0,0,0
21:19:18,16775,12,2,0,2,0,0,0
21:19:19,16775,8,2,0,2,0,0,0
21:19:19,16780,4,2,0,2,0,0,0
21:19:20,16775,6,2,0,2,0,0,0
21:19:20,16780,44,2,0,2,0,0,0
21:19:21,16780,12,2,0,2,0,0,0
21:19:21,16780,22,2,0,2,0,0,0
21:19:22,16780,8,2,0,2,0,0,0
21:19:22,16780,46,2,0,2,0,0,0
21:19:23,16780,14,2,0,2,0,0,0
21:19:23,16780,6,2,0,2,0,0,0
21:19:24,16780,2,2,0,2,0,0,0
21:19:24,16775,6,2,0,2,0,0,0
21:19:25,16775,6,2,0,2,0,0,0
21:19:25,16780,8,2,0,2,0,0,0
21:19:26,16775,4,2,0,1,0,0,0
21:19:26,16775,86,2,0,0,0,0,0
21:19:27,16775,24,2,0,0,0,0,0
21:19:27,16780,22,2,0,0,0,0,0
21:19:28,16780,14,2,0,0,0,0,0
21:19:28,16775,16,2,0,0,0,0,0
21:19:29,16775,14,2,0,0,0,0,0
21:19:29,16775,4,2,0,0,0,0,0
21:19:30,16780,116,2,0,0,0,0,0
21:19:30,16775,14,2,0,0,0,0,0
21:19:31,16775,2,2,0,0,0,0,0
21:19:31,16780,4,2,0,0,0,0,0
21:19:32,16775,12,2,0,0,0,0,0
21:19:32,16785,24,2,0,0,0,0,0
21:19:33,16785,0,2,0,0,0,0,0
21:19:33,16780,2,2,0,0,0,0,0
21:19:34,16775,6,2,0,0,0,0,0
21:19:34,16775,10,2,0,0,0,0,0
21:19:35,16780,8,2,0,0,0,0,0
21:19:35,16780,0,2,0,0,0,0,0
21:19:36,16780,2,2,0,0,0,0,0
21:19:36,16780,0,2,0,0,0,0,0
21:19:37,16780,0,2,0,0,0,0,0
21:19:37,16775,4,2,0,0,0,0,0
21:19:38,16775,16,2,0,0,0,0,0
21:19:38,16775,6,2,0,0,0,0,0
21:19:39,16775,0,2,0,0,0,0,0
21:19:39,16780,16,2,0,0,0,0,0
21:19:40,16775,6,2,0,0,0,0,0
21:19:40,16780,8,2,0,0,0,0,0
21:19:41,16780,8,2,0,0,0,0,0
21:19:41,16780,2,2,0,0,0,0,0
21:19:42,16780,2,2,0,0,0,0,0
21:19:42,16775,4,2,0,0,0,0,0
21:19:43,16775,4,2,0,0,0,0,0
21:19:43,16780,16,2,0,0,0,0,0
21:19:44,16780,10,2,0,0,0,0,0
21:19:44,16775,6,2,0,0,0,0,0
21:19:45,16775,38,2,0,0,0,0,0
21:19:45,16780,26,2,0,0,0,0,0
21:19:46,16780,2,2,0,0,0,0,0
21:19:46,16785,6,2,0,0,0,0,0
21:19:47,16780,4,2,0,0,0,0,0
21:19:47,16780,8,2,0,0,0,0,0
21:19:48,16780,36,2,0,0,0,0,0
21:19:48,16780,12,2,0,0,0,0,0
21:19:49,16785,2,2,0,0,0,0,0
21:19:49,16780,12,2,0,0,0,0,0
21:19:50,16785,14,2,0,0,0,0,0
21:19:50,16780,4,2,0,0,0,0,0
21:19:51,16785,108,2,0,0,0,0,0
21:19:51,16785,32,2,0,0,0,0,0
21:19:52,16785,68,2,0,0,0,0,0
21:19:52,16785,6,2,0,0,0,0,0
21:19:53,16790,6,2,0,0,0,0,0
21:19:53,16785,10,2,0,0,0,0,0
21:19:54,16790,12,2,0,0,0,0,0
21:19:54,16785,14,2,0,0,0,0,0
21:19:55,16790,2,2,0,0,0,0,0
21:19:55,16790,6,2,0,0,0,0,0
21:19:56,16785,6,2,0,0,0,0,0
21:19:56,16790,10,2,0,0,0,0,0
21:19:57,16790,4,2,0,0,0,0,0
21:19:57,16790,12,2,0,0,0,0,0
21:19:58,16790,12,2,0,0,0,0,0
21:19:58,16790,4,2,0,0,0,0,0
21:19:59,16790,6,2,0,0,0,0,0
21:19:59,16790,14,2,0,0,0,0,0
21:20:00,16790,12,2,0,0,0,0,0
21:20:00,16790,26,2,0,0,0,0,0
21:20:01,16790,148,2,0,0,0,0,0
21:20:01,16795,42,3,0,1,0,1,0
21:20:02,16790,26,3,0,1,0,1,0
21:20:02,16795,46,3,0,1,0,1,0
21:20:03,16795,46,3,0,1,0,1,0
21:20:03,16790,40,3,0,1,0,1,0
21:20:04,16795,32,3,0,1,0,1,0
21:20:04,16795,16,3,0,1,0,1,0
21:20:05,16795,10,3,0,1,0,1,0
21:20:05,16795,104,3,0,1,0,1,0
21:20:06,16790,70,3,0,1,0,1,0
21:20:06,16790,32,3,0,1,0,1,0
21:20:07,16785,10,3,0,1,0,1,0
21:20:07,16790,8,3,0,1,0,1,0
21:20:08,16790,10,3,0,1,0,1,0
21:20:08,16785,22,3,0,1,0,1,0
21:20:09,16785,0,3,0,1,0,1,0
21:20:09,16785,2,3,0,1,0,1,0
21:20:10,16790,14,3,0,1,0,1,0
21:20:10,16790,40,3,0,1,0,1,0
21:20:11,16785,4,3,0,1,0,1,0
21:20:11,16785,4,3,0,1,0,1,0
21:20:12,16785,48,3,0,1,0,1,0
21:20:12,16790,4,3,0,1,0,1,0
21:20:13,16790,40,3,0,1,0,1,0
21:20:13,16790,10,3,0,1,0,1,0
21:20:14,16785,16,3,0,1,0,1,0
21:20:14,16790,60,3,0,1,0,1,0
21:20:15,16785,16,3,0,1,0,1,0
21:20:15,16790,24,3,0,1,0,1,0
21:20:16,16785,10,3,0,1,0,1,0
21:20:16,16785,4,3,0,1,0,0,0
21:20:17,16790,6,3,0,1,0,0,0
21:20:17,16785,2,3,0,1,0,0,0
21:20:18,16785,56,3,0,1,0,0,0
21:20:18,16785,122,3,0,1,0,0,0
21:20:19,16785,22,3,0,1,0,0,0
21:20:19,16780,30,3,0,1,0,0,0
21:20:20,16780,0,3,0,1,0,0,0
21:20:20,16780,100,3,0,1,0,0,0
21:20:21,16780,122,3,0,1,0,0,0
21:20:21,16780,6,3,0,1,0,0,0
21:20:22,16785,74,3,0,1,0,0,0
21:20:22,16785,2,3,0,1,0,0,0
21:20:23,16785,0,3,0,1,0,0,0
21:20:23,16785,26,3,0,1,0,0,0
21:20:24,16790,6,3,0,1,0,0,0
21:20:24,16790,0,3,0,1,0,0,0
21:20:25,16785,52,3,0,1,0,0,0
21:20:25,16780,2,3,0,1,0,0,0
21:20:26,16780,8,3,0,1,0,0,0
21:20:26,16780,2,3,0,1,0,0,0
21:20:27,16785,64,3,0,1,0,0,0
21:20:27,16780,90,3,0,1,0,0,0
21:20:28,16780,20,3,0,1,0,0,0
21:20:28,16775,14,3,0,1,0,0,0
21:20:29,16780,8,3,0,1,0,0,0
21:20:29,16780,16,3,0,1,0,0,0
21:20:30,16780,2,3,0,1,0,0,0
21:20:30,16780,4,3,0,1,0,0,0
21:20:31,16780,0,3,0,1,0,0,0
21:20:31,16780,2,3,0,1,0,0,0
21:20:32,16780,16,3,0,1,0,0,0
21:20:32,16785,66,3,0,1,0,0,0
21:20:33,16775,106,3,1,1,1,0,1
21:20:33,16775,12,3,1,1,1,0,1
21:20:34,16775,0,3,1,1,1,0,1
21:20:34,16780,2,3,1,1,1,0,1
21:20:35,16780,0,3,1,1,1,0,1
21:20:35,16780,0,3,1,1,1,0,1
21:20:36,16780,4,3,1,1,1,0,1
21:20:36,16780,46,3,1,1,1,0,1
21:20:37,16780,10,3,1,1,1,0,1
21:20:37,16780,20,3,1,1,1,0,1
21:20:38,16780,8,3,1,1,1,0,1
21:20:38,16780,6,3,1,1,1,0,1
21:20:39,16780,0,3,1,1,1,0,1
21:20:39,16780,0,3,1,1,1,0,1
21:20:40,16780,4,3,1,1,1,0,1
21:20:40,16780,8,3,1,1,1,0,1
21:20:41,16780,28,3,1,1,1,0,1
21:20:41,16780,64,3,1,1,1,0,1
21:20:42,16780,12,3,1,1,1,0,1
21:20:42,16780,42,3,1,1,1,0,1
21:20:43,16780,32,3,1,1,1,0,1
21:20:43,16780,2,3,1,1,1,0,1
21:20:44,16780,2,3,1,1,1,0,1
21:20:44,16780,8,3,1,1,1,0,1
21:20:45,16780,8,3,1,1,1,0,1
21:20:45,16780,6,3,1,1,1,0,1
21:20:46,16780,2,3,1,1,1,0,1
21:20:46,16780,8,3,1,1,1,0,1
21:20:47,16780,10,3,1,1,1,0,1
21:20:47,16780,2,3,1,1,1,0,1
21:20:48,16780,0,3,1,1,1,0,0
21:20:48,16780,2,3,1,1,1,0,0
21:20:49,16780,2,3,1,1,1,0,0
21:20:49,16780,2,3,1,1,1,0,0
21:20:50,16780,0,3,1,1,1,0,0
21:20:50,16780,18,3,1,1,1,0,0
21:20:51,16780,0,3,1,1,1,0,0
21:20:51,16780,2,3,1,1,1,0,0
21:20:52,16780,0,3,1,1,1,0,0
21:20:52,16780,6,3,1,1,1,0,0
21:20:53,16780,0,3,1,1,1,0,0
21:20:53,16780,60,3,1,1,1,0,0
21:20:54,16780,32,3,1,1,1,0,0
21:20:54,16780,2,3,1,1,1,0,0
21:20:55,16780,2,3,1,1,1,0,0
21:20:55,16780,2,3,1,1,1,0,0
21:20:56,16780,0,3,1,1,1,0,0
21:20:56,16780,46,3,1,1,1,0,0
21:20:57,16780,34,3,1,1,1,0,0
21:20:57,16780,2,3,1,1,1,0,0
21:20:58,16780,12,3,1,1,1,0,0
21:20:58,16780,2,3,1,1,1,0,0
21:20:59,16780,0,3,1,1,1,0,0
21:20:59,16780,8,3,1,1,1,0,0
21:21:00,16775,10,3,1,1,1,0,0
21:21:00,16780,22,3,1,1,1,0,0
21:21:01,16780,8,3,1,1,1,0,0
21:21:01,16780,2,3,1,0,1,0,0
21:21:02,16775,2,3,1,0,1,0,0
21:21:02,16775,4,3,1,0,1,0,0
21:21:03,16780,20,3,1,0,1,0,0
21:21:03,16780,2,3,1,0,1,0,0
21:21:04,16775,22,3,1,0,1,0,0
21:21:04,16775,0,3,1,0,1,0,0
21:21:05,16775,8,3,1,0,1,0,0
21:21:05,16775,4,3,1,0,1,0,0
21:21:06,16780,10,3,1,0,1,0,0
21:21:06,16780,0,3,1,0,1,0,0
21:21:07,16780,2,3,1,0,1,0,0
21:21:07,16780,8,3,1,0,1,0,0
21:21:08,16780,36,3,1,0,1,0,0
21:21:08,16770,400,3,2,0,2,0,1
21:21:09,16770,14,3,2,0,2,0,1
21:21:09,16775,16,3,2,0,2,0,1
21:21:10,16775,46,3,2,0,2,0,1
21:21:10,16770,48,3,2,0,2,0,1
21:21:11,16775,46,3,2,0,2,0,1
21:21:11,16770,18,3,2,0,2,0,1
21:21:12,16770,8,3,2,0,2,0,1
21:21:12,16770,2,3,2,0,2,0,1
21:21:13,16770,26,3,2,0,2,0,1
21:21:13,16765,6,3,2,0,2,0,1
21:21:14,16765,6,3,2,0,2,0,1
21:21:14,16765,32,3,2,0,2,0,1
21:21:15,16765,10,3,2,0,2,0,1
21:21:15,16770,28,3,2,0,2,0,1
21:21:16,16765,12,3,2,0,2,0,1
21:21:16,16770,8,3,2,0,2,0,1
21:21:17,16770,14,3,2,0,2,0,1
21:21:17,16770,0,3,2,0,2,0,1
21:21:18,16765,4,3,2,0,2,0,1
21:21:18,16770,8,3,2,0,2,0,1
21:21:19,16770,8,3,2,0,2,0,1
21:21:19,16765,104,3,2,0,2,0,1
21:21:20,16765,4,3,2,0,2,0,1
21:21:20,16765,6,3,2,0,2,0,1
21:21:21,16760,8,3,2,0,2,0,1
21:21:21,16760,10,3,2,0,2,0,1
21:21:22,16765,24,3,2,0,2,0,1
21:21:22,16760,2,3,2,0,2,0,1
21:21:23,16760,0,3,2,0,2,0,1
21:21:23,16765,22,3,2,0,2,0,0
21:21:24,16765,8,3,2,0,2,0,0
21:21:24,16760,8,3,2,0,2,0,0
21:21:25,16765,16,3,2,0,2,0,0
21:21:25,16760,116,3,2,0,2,0,0
21:21:26,16765,8,2,2,0,2,0,0
21:21:26,16760,36,1,2,0,2,0,0
21:21:27,16770,6,1,2,0,2,0,0
21:21:27,16770,10,1,2,0,2,0,0
21:21:28,16765,4,1,2,0,2,0,0
21:21:28,16765,12,1,2,0,2,0,0
21:21:29,16765,0,1,2,0,2,0,0
21:21:29,16765,4,1,2,0,2,0,0
21:21:30,16765,2,1,2,0,2,0,0
21:21:30,16765,0,1,2,0,2,0,0
21:21:31,16765,104,1,2,0,2,0,0
21:21:31,16765,0,1,2,0,2,0,0
21:21:32,16765,6,1,2,0,2,0,0
21:21:32,16765,6,1,2,0,2,0,0
21:21:33,16765,2,1,2,0,1,0,0
21:21:33,16765,8,1,2,0,1,0,0
21:21:34,16765,2,1,2,0,1,0,0
21:21:34,16765,6,1,2,0,1,0,0
21:21:35,16765,6,1,2,0,1,0,0
21:21:35,16765,2,1,2,0,1,0,0
21:21:36,16765,6,1,2,0,1,0,0
21:21:36,16765,0,1,2,0,1,0,0
21:21:37,16770,4,1,2,0,1,0,0
21:21:37,16760,100,1,3,0,2,0,1
21:21:38,16765,2,1,3,0,2,0,1
21:21:38,16765,24,1,3,0,2,0,1
21:21:39,16765,2,1,3,0,2,0,1
21:21:39,16765,0,1,3,0,2,0,1
21:21:40,16770,38,1,3,0,2,0,1
21:21:40,16765,2,1,3,0,2,0,1
21:21:41,16765,4,1,3,0,2,0,1
21:21:41,16765,2,1,3,0,2,0,1
21:21:42,16765,2,1,3,0,2,0,1
21:21:42,16765,54,1,3,0,2,0,1
21:21:43,16765,44,1,3,0,2,0,1
21:21:43,16765,2,1,3,0,2,0,1
21:21:44,16765,0,1,3,0,2,0,1
21:21:44,16765,0,1,3,0,2,0,1
21:21:45,16765,2,1,3,0,2,0,1
21:21:45,16765,6,1,3,0,2,0,1
21:21:46,16765,28,1,3,0,2,0,1
21:21:46,16765,48,1,3,0,2,0,1
21:21:47,16770,24,1,3,0,2,0,1
21:21:47,16770,2,1,3,0,2,0,1
21:21:48,16770,2,1,3,0,2,0,1
21:21:48,16770,0,1,3,0,2,0,1
21:21:49,16770,72,1,3,0,2,0,1
21:21:49,16770,72,1,3,0,2,0,1
21:21:50,16770,6,1,3,0,2,0,1
21:21:50,16770,0,1,3,0,2,0,1
21:21:51,16770,12,1,3,0,2,0,1
21:21:51,16770,2,1,3,0,2,0,1
21:21:52,16775,104,1,3,0,2,0,1
21:21:52,16770,14,1,3,0,2,0,0
21:21:53,16770,2,1,3,0,2,0,0
21:21:53,16770,0,1,3,0,2,0,0
21:21:54,16770,2,1,3,0,2,0,0
21:21:54,16770,0,1,3,0,2,0,0
21:21:55,16770,0,1,3,0,2,0,0
21:21:55,16775,4,1,3,0,2,0,0
21:21:56,16775,2,1,3,0,2,0,0
21:21:56,16770,2,1,3,0,2,0,0
21:21:57,16775,6,1,3,0,2,0,0
21:21:57,16775,0,1,3,0,2,0,0
21:21:58,16770,4,1,3,0,2,0,0
21:21:58,16770,10,1,3,0,2,0,0
21:21:59,16770,8,1,3,0,2,0,0
21:21:59,16770,18,1,3,0,2,0,0
21:22:00,16770,8,1,3,0,2,0,0
21:22:00,16770,2,1,3,0,2,0,0
21:22:01,16770,4,1,3,0,2,0,0
21:22:01,16765,2,1,3,0,2,0,0
21:22:02,16770,14,1,3,0,2,0,0
21:22:02,16770,4,1,3,0,2,0,0
21:22:03,16770,2,1,3,0,2,0,0
21:22:03,16770,14,1,3,0,2,0,0
21:22:04,16770,0,1,3,0,2,0,0
21:22:04,16770,2,1,3,0,2,0,0
21:22:05,16770,8,1,3,0,2,0,0
21:22:05,16770,10,1,3,0,2,0,0
21:22:06,16770,22,1,3,0,2,0,0
21:22:06,16770,2,1,3,0,2,0,0
21:22:07,16770,2,1,3,0,2,0,0
21:22:07,16770,2,1,3,0,2,0,0
21:22:08,16770,0,1,3,0,2,0,0
21:22:08,16770,0,1,3,0,1,0,0
21:22:09,16770,54,1,3,0,1,0,0
21:22:09,16770,16,1,3,0,1,0,0
21:22:10,16770,20,1,3,0,1,0,0
21:22:10,16770,18,1,3,0,1,0,0
21:22:11,16770,14,1,3,0,1,0,0
21:22:11,16770,12,1,3,0,1,0,0
21:22:12,16770,0,1,3,0,1,0,0
21:22:12,16770,0,1,3,0,1,0,0
21:22:13,16770,0,1,3,0,1,0,0
21:22:13,16770,2,1,3,0,1,0,0
21:22:14,16775,2,1,3,0,1,0,0
21:22:14,16765,200,1,4,0,2,0,1
21:22:15,16770,2,1,4,0,2,0,1
21:22:15,16770,14,1,4,0,2,0,1
21:22:16,16770,2,1,4,0,2,0,1
21:22:16,16770,0,1,4,0,2,0,1
21:22:17,16770,0,1,4,0,2,0,1
21:22:17,16770,2,1,4,0,2,0,1
21:22:18,16770,4,1,4,0,2,0,1
21:22:18,16760,200,1,5,0,3,0,2
21:22:19,16765,16,1,5,0,3,0,2
21:22:19,16765,0,1,5,0,3,0,2
21:22:20,16765,6,1,5,0,3,0,2
21:22:20,16765,6,1,5,0,3,0,2
21:22:21,16765,10,1,5,0,3,0,2
21:22:21,16765,2,1,5,0,3,0,2
21:22:22,16760,8,1,5,0,3,0,2
21:22:22,16760,4,1,5,0,3,0,2
21:22:23,16765,12,1,5,0,3,0,2
21:22:23,16760,6,1,5,0,3,0,2
21:22:24,16765,6,1,5,0,3,0,2
21:22:24,16765,228,1,5,0,3,0,2
21:22:25,16760,12,1,5,0,3,0,2
21:22:25,16765,8,1,5,0,3,0,2
21:22:26,16760,6,1,5,0,3,0,2
21:22:26,16760,6,1,5,0,3,0,2
21:22:27,16760,4,1,5,0,3,0,2
21:22:27,16760,4,1,5,0,3,0,2
21:22:28,16760,2,1,5,0,3,0,2
21:22:28,16760,16,1,5,0,3,0,2
21:22:29,16755,46,1,5,0,3,0,2
21:22:29,16755,28,1,5,0,3,0,1
21:22:30,16760,4,1,5,0,3,0,1
21:22:30,16755,8,1,5,0,3,0,1
21:22:31,16755,16,1,5,0,3,0,1
21:22:31,16755,460,1,5,0,3,0,1
21:22:32,16755,30,1,5,0,3,0,1
21:22:32,16750,20,1,5,0,3,0,1
21:22:33,16755,14,1,5,0,3,0,1
21:22:33,16755,20,1,5,0,3,0,0
21:22:34,16750,2,1,5,0,3,0,0
21:22:34,16755,4,1,5,0,3,0,0
21:22:35,16750,10,1,5,0,3,0,0
21:22:35,16755,12,1,5,0,3,0,0
21:22:36,16755,12,1,5,0,3,0,0
21:22:36,16755,14,1,5,0,3,0,0
21:22:37,16755,2,1,5,0,3,0,0
21:22:37,16750,6,1,5,0,2,0,0
21:22:38,16750,40,1,5,0,2,0,0
21:22:38,16755,26,1,5,0,2,0,0
21:22:39,16755,0,1,5,0,2,0,0
21:22:39,16750,16,1,5,0,2,0,0
21:22:40,16750,0,1,5,0,2,0,0
21:22:40,16750,4,1,5,0,2,0,0
21:22:41,16750,8,1,5,0,2,0,0
21:22:41,16750,2,1,5,0,2,0,0
21:22:42,16755,2,1,5,0,2,0,0
21:22:42,16755,6,1,5,0,2,0,0
21:22:43,16750,6,1,5,0,2,0,0
21:22:43,16755,2,1,5,0,2,0,0
21:22:44,16750,2,1,5,0,2,0,0
21:22:44,16750,2,1,5,0,2,0,0
21:22:45,16755,8,1,5,0,2,0,0
21:22:45,16755,30,1,5,0,2,0,0
21:22:46,16750,18,1,5,0,2,0,0
21:22:46,16755,50,1,5,0,2,0,0
21:22:47,16755,12,1,5,0,2,0,0
21:22:47,16760,6,1,5,0,2,0,0
21:22:48,16755,66,1,5,0,2,0,0
21:22:48,16760,32,1,5,0,2,0,0
21:22:49,16755,42,1,6,0,3,0,1
21:22:49,16760,44,1,6,0,3,0,1
21:22:50,16755,10,1,6,0,3,0,1
21:22:50,16755,8,1,6,0,3,0,1
21:22:51,16755,0,1,6,0,3,0,1
21:22:51,16755,8,1,6,0,3,0,1
21:22:52,16755,2,1,6,0,3,0,1
21:22:52,16755,0,1,6,0,3,0,1
21:22:53,16755,6,1,6,0,3,0,1
21:22:53,16760,10,1,6,0,3,0,1
21:22:54,16755,2,1,6,0,3,0,1
21:22:54,16755,0,1,6,0,3,0,1
21:22:55,16755,0,1,6,0,3,0,1
21:22:55,16755,22,1,6,0,3,0,1
21:22:56,16755,2,1,6,0,3,0,1
21:22:56,16755,4,1,6,0,3,0,1
21:22:57,16760,2,1,6,0,3,0,1
21:22:57,16755,4,1,6,0,3,0,1
21:22:58,16755,0,1,6,0,3,0,1
21:22:58,16755,0,1,6,0,3,0,1
21:22:59,16755,42,1,6,0,3,0,1
21:22:59,16760,14,1,6,0,3,0,1
21:23:00,16755,4,1,6,0,3,0,1
21:23:00,16755,0,1,6,0,3,0,1
21:23:01,16755,10,1,6,0,3,0,1
21:23:01,16760,2,0,6,0,3,0,1
21:23:02,16760,0,0,6,0,3,0,1
21:23:02,16755,2,0,6,0,3,0,1
21:23:03,16755,2,0,6,0,3,0,1
21:23:03,16755,4,0,6,0,3,0,1
21:23:04,16760,10,0,6,0,3,0,0
21:23:04,16760,0,0,6,0,3,0,0
21:23:05,16760,0,0,6,0,3,0,0
21:23:05,16760,0,0,6,0,3,0,0
21:23:06,16755,2,0,6,0,3,0,0
21:23:06,16760,8,0,6,0,3,0,0
21:23:07,16760,4,0,6,0,3,0,0
21:23:07,16760,0,0,6,0,3,0,0
21:23:08,16760,8,0,6,0,3,0,0
21:23:08,16760,0,0,6,0,3,0,0
21:23:09,16755,8,0,6,0,3,0,0
21:23:09,16760,10,0,6,0,3,0,0
21:23:10,16760,10,0,6,0,3,0,0
21:23:10,16755,12,0,6,0,3,0,0
21:23:11,16755,0,0,6,0,3,0,0
21:23:11,16755,0,0,6,0,3,0,0
21:23:12,16760,2,0,6,0,3,0,0
21:23:12,16760,0,0,6,0,3,0,0
21:23:13,16760,4,0,6,0,3,0,0
21:23:13,16760,2,0,6,0,3,0,0
21:23:14,16760,30,0,6,0,3,0,0
21:23:14,16760,44,0,6,0,2,0,0
21:23:15,16765,6,0,6,0,2,0,0
21:23:15,16765,0,0,6,0,2,0,0
21:23:16,16765,0,0,6,0,2,0,0
21:23:16,16765,0,0,6,0,2,0,0
21:23:17,16765,2,0,6,0,2,0,0
21:23:17,16765,4,0,6,0,2,0,0
21:23:18,16765,2,0,6,0,2,0,0
21:23:18,16765,2,0,6,0,1,0,0
21:23:19,16760,4,0,6,0,1,0,0
21:23:19,16765,28,0,6,0,1,0,0
21:23:20,16760,16,0,6,0,1,0,0
21:23:20,16760,0,0,6,0,1,0,0
21:23:21,16765,12,0,6,0,1,0,0
21:23:21,16765,0,0,6,0,1,0,0
21:23:22,16765,0,0,6,0,1,0,0
21:23:22,16765,2,0,6,0,1,0,0
21:23:23,16765,0,0,6,0,1,0,0
21:23:23,16765,64,0,6,0,1,0,0
21:23:24,16765,52,0,6,0,1,0,0
21:23:24,16765,2,0,6,0,1,0,0
21:23:25,16765,26,0,6,0,1,0,0
21:23:25,16765,4,0,6,0,1,0,0
21:23:26,16765,0,0,6,0,1,0,0
21:23:26,16765,0,0,6,0,1,0,0
21:23:27,16765,2,0,6,0,1,0,0
21:23:27,16765,0,0,6,0,1,0,0
21:23:28,16765,14,0,6,0,1,0,0
21:23:28,16765,4,0,6,0,1,0,0
21:23:29,16765,2,0,6,0,1,0,0
21:23:29,16765,2,0,6,0,1,0,0
21:23:30,16765,0,0,6,0,1,0,0
21:23:30,16760,20,0,6,0,1,0,0
21:23:31,16760,0,0,6,0,1,0,0
21:23:31,16760,0,0,6,0,1,0,0
21:23:32,16765,8,0,6,0,1,0,0
21:23:32,16765,2,0,6,0,1,0,0
21:23:33,16760,4,0,5,0,1,0,0
21:23:33,16760,0,0,5,0,1,0,0
21:23:34,16760,0,0,5,0,1,0,0
21:23:34,16765,18,0,5,0,1,0,0
21:23:35,16765,6,0,5,0,1,0,0
21:23:35,16765,4,0,5,0,1,0,0
21:23:36,16760,2,0,5,0,1,0,0
21:23:36,16760,0,0,5,0,1,0,0
21:23:37,16765,10,0,5,0,1,0,0
21:23:37,16765,2,0,5,0,1,0,0
21:23:38,16765,2,0,5,0,1,0,0
21:23:38,16760,4,0,5,0,1,0,0
21:23:39,16760,0,0,5,0,1,0,0
21:23:39,16765,2,0,5,0,1,0,0
21:23:40,16765,0,0,5,0,1,0,0
21:23:40,16765,2,0,5,0,1,0,0
21:23:41,16765,2,0,5,0,1,0,0
21:23:41,16765,0,0,5,0,1,0,0
21:23:42,16765,0,0,5,0,1,0,0
21:23:42,16765,0,0,5,0,1,0,0
21:23:43,16765,6,0,5,0,1,0,0
21:23:43,16765,0,0,5,0,1,0,0
21:23:44,16760,2,0,5,0,1,0,0
21:23:44,16765,4,0,5,0,1,0,0
21:23:45,16765,6,0,5,0,1,0,0
21:23:45,16765,2,0,5,0,1,0,0
21:23:46,16765,2,0,5,0,1,0,0
21:23:46,16765,0,0,5,0,1,0,0
21:23:47,16765,4,0,5,0,1,0,0
21:23:47,16765,0,0,5,0,1,0,0
21:23:48,16765,0,0,5,0,1,0,0
21:23:48,16765,6,0,5,0,1,0,0
21:23:49,16765,14,0,5,0,0,0,0
21:23:49,16765,6,0,5,0,0,0,0
21:23:50,16765,2,0,5,0,0,0,0
21:23:50,16760,26,0,5,0,0,0,0
21:23:51,16760,0,0,5,0,0,0,0
21:23:51,16760,0,0,5,0,0,0,0
21:23:52,16760,0,0,5,0,0,0,0
21:23:52,16760,0,0,5,0,0,0,0
21:23:53,16760,0,0,5,0,0,0,0
21:23:53,16765,2,0,5,0,0,0,0
21:23:54,16765,2,0,5,0,0,0,0
21:23:54,16765,0,0,5,0,0,0,0
21:23:55,16765,0,0,5,0,0,0,0
21:23:55,16760,26,0,5,0,0,0,0
21:23:56,16765,20,0,5,0,0,0,0
21:23:56,16765,0,0,5,0,0,0,0
21:23:57,16765,0,0,5,0,0,0,0
21:23:57,16765,0,0,5,0,0,0,0
21:23:58,16765,24,0,5,0,0,0,0
21:23:58,16765,0,0,5,0,0,0,0
21:23:59,16765,0,0,5,0,0,0,0
21:23:59,16765,0,0,5,0,0,0,0
21:24:00,16765,0,0,5,0,0,0,0
21:24:00,16765,0,0,5,0,0,0,0
21:24:01,16765,10,0,5,0,0,0,0
21:24:01,16765,0,0,5,0,0,0,0
21:24:02,16765,4,0,5,0,0,0,0
21:24:02,16765,0,0,5,0,0,0,0
21:24:03,16765,6,0,5,0,0,0,0
21:24:03,16765,0,0,5,0,0,0,0
21:24:04,16765,0,0,5,0,0,0,0
21:24:04,16765,0,0,5,0,0,0,0
21:24:05,16765,0,0,5,0,0,0,0
21:24:05,16770,10,0,5,0,0,0,0
21:24:06,16770,0,0,5,0,0,0,0
21:24:06,16770,2,0,5,0,0,0,0
21:24:07,16770,0,0,5,0,0,0,0
21:24:07,16765,12,0,5,0,0,0,0
21:24:08,16765,0,0,5,0,0,0,0
21:24:08,16765,4,0,4,0,0,0,0
21:24:09,16765,6,0,4,0,0,0,0
21:24:09,16770,10,0,4,0,0,0,0
21:24:10,16770,0,0,4,0,0,0,0
21:24:10,16765,2,0,4,0,0,0,0
21:24:11,16765,22,0,4,0,0,0,0
21:24:11,16765,34,0,4,0,0,0,0
21:24:12,16765,0,0,4,0,0,0,0
21:24:12,16760,54,0,4,0,0,0,0
21:24:13,16760,48,0,4,0,0,0,0
21:24:13,16760,10,0,4,0,0,0,0
21:24:14,16755,4,0,4,0,0,0,0
21:24:14,16760,24,0,4,0,0,0,0
21:24:15,16755,14,0,4,0,0,0,0
21:24:15,16760,2,0,4,0,0,0,0
21:24:16,16755,4,0,4,0,0,0,0
21:24:16,16760,8,0,4,0,0,0,0
21:24:17,16755,6,0,4,0,0,0,0
21:24:17,16760,2,0,4,0,0,0,0
21:24:18,16755,20,0,4,0,0,0,0
21:24:18,16755,10,0,4,0,0,0,0
21:24:19,16755,2,0,4,0,0,0,0
21:24:19,16760,2,0,4,0,0,0,0
21:24:20,16755,2,0,4,0,0,0,0
21:24:20,16760,8,0,4,0,0,0,0
21:24:21,16760,4,0,4,0,0,0,0
21:24:21,16760,2,0,4,0,0,0,0
21:24:22,16760,0,0,4,0,0,0,0
21:24:22,16760,0,0,4,0,0,0,0
21:24:23,16755,8,0,4,0,0,0,0
21:24:23,16755,6,0,4,0,0,0,0
21:24:24,16755,6,0,4,0,0,0,0
21:24:24,16760,2,0,4,0,0,0,0
21:24:25,16755,2,0,4,0,0,0,0
21:24:25,16755,10,0,4,0,0,0,0
21:24:26,16755,2,0,4,0,0,0,0
21:24:26,16755,0,0,4,0,0,0,0
21:24:27,16755,0,0,4,0,0,0,0
21:24:27,16755,0,0,4,0,0,0,0
21:24:28,16760,8,0,4,0,0,0,0
21:24:28,16755,4,0,4,0,0,0,0
21:24:29,16755,0,0,4,0,0,0,0
21:24:29,16760,4,0,4,0,0,0,0
21:24:30,16760,4,0,4,0,0,0,0
21:24:30,16760,2,0,4,0,0,0,0
21:24:31,16760,0,0,4,0,0,0,0
21:24:31,16755,2,0,4,0,0,0,0
21:24:32,16755,0,0,4,0,0,0,0
21:24:32,16755,0,0,4,0,0,0,0
21:24:33,16760,2,0,4,0,0,0,0
21:24:33,16760,0,0,4,0,0,0,0
21:24:34,16760,0,0,4,0,0,0,0
21:24:34,16755,14,0,4,0,0,0,0
21:24:35,16755,4,0,4,0,0,0,0
21:24:35,16755,10,0,4,0,0,0,0
21:24:36,16760,2,0,4,0,0,0,0
21:24:36,16760,0,0,4,0,0,0,0
21:24:37,16760,0,0,4,0,0,0,0
21:24:37,16760,0,0,3,0,0,0,0
21:24:38,16760,0,0,3,0,0,0,0
21:24:38,16760,0,0,3,0,0,0,0
21:24:39,16760,0,0,3,0,0,0,0
21:24:39,16760,0,0,3,0,0,0,0
21:24:40,16755,2,0,3,0,0,0,0
21:24:40,16760,8,0,3,0,0,0,0
21:24:41,16760,0,0,3,0,0,0,0
21:24:41,16760,0,0,3,0,0,0,0
21:24:42,16760,2,0,3,0,0,0,0
21:24:42,16760,0,0,3,0,0,0,0
21:24:43,16760,10,0,3,0,0,0,0
21:24:43,16755,4,0,3,0,0,0,0
21:24:44,16755,0,0,3,0,0,0,0
21:24:44,16760,2,0,3,0,0,0,0
21:24:45,16760,2,0,3,0,0,0,0
21:24:45,16755,2,0,3,0,0,0,0
21:24:46,16755,0,0,3,0,0,0,0
21:24:46,16755,0,0,3,0,0,0,0
21:24:47,16755,0,0,3,0,0,0,0
21:24:47,16760,2,0,3,0,0,0,0
21:24:48,16760,0,0,3,0,0,0,0
21:24:48,16760,4,0,3,0,0,0,0
21:24:49,16755,2,0,3,0,0,0,0
21:24:49,16755,122,0,3,0,0,0,0
21:24:50,16755,0,0,3,0,0,0,0
21:24:50,16755,2,0,3,0,0,0,0
21:24:51,16755,10,0,3,0,0,0,0
21:24:51,16755,2,0,3,0,0,0,0
21:24:52,16755,0,0,3,0,0,0,0
21:24:52,16755,12,0,3,0,0,0,0
21:24:53,16755,2,0,3,0,0,0,0
21:24:53,16750,6,0,3,0,0,0,0
21:24:54,16750,0,0,3,0,0,0,0
21:24:54,16750,0,0,3,0,0,0,0
21:24:55,16750,4,0,3,0,0,0,0
21:24:55,16750,12,0,3,0,0,0,0
21:24:56,16750,6,0,3,0,0,0,0
21:24:56,16750,12,0,3,0,0,0,0
21:24:57,16750,6,0,3,0,0,0,0
21:24:57,16750,6,0,3,0,0,0,0
21:24:58,16755,120,0,3,0,0,0,0
21:24:58,16755,8,0,3,0,0,0,0
21:24:59,16755,44,0,3,0,0,0,0
21:24:59,16755,6,0,3,0,0,0,0
21:25:00,16755,18,0,3,0,0,0,0
21:25:00,16755,22,0,3,0,0,0,0
21:25:01,16750,8,0,3,0,0,0,0
21:25:01,16750,0,0,3,0,0,0,0
21:25:02,16750,2,0,3,0,0,0,0
21:25:02,16750,2,0,3,0,0,0,0
21:25:03,16755,4,0,3,0,0,0,0
21:25:03,16750,22,0,3,0,0,0,0
21:25:04,16750,2,0,3,0,0,0,0
21:25:04,16755,76,0,3,0,0,0,0
21:25:05,16750,124,0,3,0,0,0,0
21:25:05,16750,144,0,3,0,0,0,0
21:25:06,16745,16,0,3,0,0,0,0
21:25:06,16750,60,0,3,0,0,0,0
21:25:07,16745,22,0,3,0,0,0,0
21:25:07,16745,12,0,3,0,0,0,0
21:25:08,16750,10,0,3,0,0,0,0
21:25:08,16745,18,0,3,0,0,0,0
21:25:09,16750,54,0,3,0,0,0,0
21:25:09,16750,48,0,3,0,0,0,0
21:25:10,16745,14,0,3,0,0,0,0
21:25:10,16750,12,0,3,0,0,0,0
21:25:11,16750,6,0,3,0,0,0,0
21:25:11,16750,8,0,3,0,0,0,0
21:25:12,16745,22,0,3,0,0,0,0
21:25:12,16750,12,0,3,0,0,0,0
21:25:13,16745,50,0,3,0,0,0,0
21:25:13,16750,4,0,3,0,0,0,0
21:25:14,16750,4,0,3,0,0,0,0
21:25:14,16745,10,0,2,0,0,0,0
21:25:15,16745,8,0,2,0,0,0,0
21:25:15,16745,34,0,2,0,0,0,0
21:25:16,16750,10,0,2,0,0,0,0
21:25:16,16750,16,0,2,0,0,0,0
21:25:17,16750,0,0,2,0,0,0,0
21:25:17,16745,22,0,2,0,0,0,0
21:25:18,16745,2,0,2,0,0,0,0
21:25:18,16745,22,0,1,0,0,0,0
21:25:19,16750,2,0,1,0,0,0,0
21:25:19,16745,2,0,1,0,0,0,0
21:25:20,16745,10,0,1,0,0,0,0
21:25:20,16750,44,0,1,0,0,0,0
21:25:21,16745,6,0,1,0,0,0,0
21:25:21,16745,2,0,1,0,0,0,0
21:25:22,16745,20,0,1,0,0,0,0
21:25:22,16750,2,0,1,0,0,0,0
21:25:23,16750,10,0,1,0,0,0,0
21:25:23,16750,0,0,1,0,0,0,0
21:25:24,16745,38,0,1,0,0,0,0
21:25:24,16745,10,0,1,0,0,0,0
21:25:25,16745,0,0,1,0,0,0,0
21:25:25,16750,10,0,1,0,0,0,0
21:25:26,16750,32,0,1,0,0,0,0
21:25:26,16750,8,0,1,0,0,0,0
21:25:27,16755,2,0,1,0,0,0,0
21:25:27,16755,0,0,1,0,0,0,0
21:25:28,16750,4,0,1,0,0,0,0
21:25:28,16755,2,0,1,0,0,0,0
21:25:29,16755,2,0,1,0,0,0,0
21:25:29,16755,0,0,1,0,0,0,0
21:25:30,16750,4,0,1,0,0,0,0
21:25:30,16750,0,0,1,0,0,0,0
21:25:31,16755,2,0,1,0,0,0,0
21:25:31,16755,14,0,1,0,0,0,0
21:25:32,16755,0,0,1,0,0,0,0
21:25:32,16755,2,0,1,0,0,0,0
21:25:33,16755,0,0,1,0,0,0,0
21:25:33,16750,10,0,1,0,0,0,0
21:25:34,16755,4,0,1,0,0,0,0
21:25:34,16755,0,0,1,0,0,0,0
21:25:35,16750,2,0,1,0,0,0,0
21:25:35,16755,2,0,1,0,0,0,0
21:25:36,16755,0,0,1,0,0,0,0
21:25:36,16755,2,0,1,0,0,0,0
21:25:37,16755,0,0,1,0,0,0,0
21:25:37,16750,4,0,1,0,0,0,0
21:25:38,16750,4,0,1,0,0,0,0
21:25:38,16750,124,0,1,0,0,0,0
21:25:39,16745,42,0,1,0,0,0,0
21:25:39,16750,36,0,1,0,0,0,0
21:25:40,16750,2,0,1,0,0,0,0
21:25:40,16750,0,0,1,0,0,0,0
21:25:41,16750,8,0,1,0,0,0,0
21:25:41,16750,22,0,1,0,0,0,0
21:25:42,16745,4,0,1,0,0,0,0
21:25:42,16745,12,0,1,0,0,0,0
21:25:43,16750,2,0,1,0,0,0,0
21:25:43,16750,14,0,1,0,0,0,0
21:25:44,16750,0,0,1,0,0,0,0
21:25:44,16745,2,0,1,0,0,0,0
21:25:45,16750,2,0,1,0,0,0,0
21:25:45,16750,12,0,1,0,0,0,0
21:25:46,16745,2,0,1,0,0,0,0
21:25:46,16750,4,0,1,0,0,0,0
21:25:47,16745,16,0,1,0,0,0,0
21:25:47,16745,0,0,1,0,0,0,0
21:25:48,16745,0,0,1,0,0,0,0
21:25:48,16745,2,0,1,0,0,0,0
21:25:49,16745,4,0,0,0,0,0,0
21:25:49,16745,4,0,0,0,0,0,0
21:25:50,16745,2,0,0,0,0,0,0
21:25:50,16750,2,0,0,0,0,0,0
21:25:51,16750,0,0,0,0,0,0,0
21:25:51,16750,0,0,0,0,0,0,0
21:25:52,16745,4,0,0,0,0,0,0
21:25:52,16745,10,0,0,0,0,0,0
21:25:53,16745,6,0,0,0,0,0,0
21:25:53,16750,70,0,0,0,0,0,0
21:25:54,16750,6,0,0,0,0,0,0
21:25:54,16750,0,0,0,0,0,0,0
21:25:55,16750,4,0,0,0,0,0,0
21:25:55,16755,2,0,0,0,0,0,0
21:25:56,16755,0,0,0,0,0,0,0
21:25:56,16750,2,0,0,0,0,0,0
21:25:57,16750,10,0,0,0,0,0,0
21:25:57,16755,8,0,0,0,0,0,0
21:25:58,16750,2,0,0,0,0,0,0
21:25:58,16750,2,0,0,0,0,0,0
21:25:59,16750,2,0,0,0,0,0,0
21:25:59,16750,14,0,0,0,0,0,0
21:26:00,16755,2,0,0,0,0,0,0
21:26:00,16755,0,0,0,0,0,0,0
21:26:01,16750,2,0,0,0,0,0,0
21:26:01,16750,0,0,0,0,0,0,0
21:26:02,16750,0,0,0,0,0,0,0
21:26:02,16750,0,0,0,0,0,0,0
21:26:03,16750,0,0,0,0,0,0,0
21:26:03,16750,0,0,0,0,0,0,0
21:26:04,16755,6,0,0,0,0,0,0
21:26:04,16750,2,0,0,0,0,0,0
21:26:05,16750,4,0,0,0,0,0,0
21:26:05,16755,2,0,0,0,0,0,0
21:26:06,16750,6,0,0,0,0,0,0
21:26:06,16750,6,0,0,0,0,0,0
21:26:07,16755,100,0,0,0,0,0,0
21:26:07,16755,22,0,0,0,0,0,0
21:26:08,16755,8,0,0,0,0,0,0
21:26:08,16755,0,0,0,0,0,0,0
21:26:09,16755,2,0,0,0,0,0,0
21:26:09,16755,0,0,0,0,0,0,0
21:26:10,16755,2,0,0,0,0,0,0
21:26:10,16760,24,0,0,0,0,0,0
21:26:11,16755,14,0,0,0,0,0,0
21:26:11,16760,10,0,0,0,0,0,0
21:26:12,16760,16,0,0,0,0,0,0
21:26:12,16755,58,0,0,0,0,0,0
21:26:13,16760,20,0,0,0,0,0,0
21:26:13,16760,46,0,0,0,0,0,0
21:26:14,16765,2,0,0,0,0,0,0
21:26:14,16760,6,0,0,0,0,0,0
21:26:15,16765,68,0,0,0,0,0,0
21:26:15,16760,10,0,0,0,0,0,0
21:26:16,16760,2,0,0,0,0,0,0
21:26:16,16760,0,0,0,0,0,0,0
21:26:17,16760,0,0,0,0,0,0,0
21:26:17,16755,6,0,0,0,0,0,0
21:26:18,16760,2,0,0,0,0,0,0
21:26:18,16760,10,0,0,0,0,0,0
21:26:19,16760,8,0,0,0,0,0,0
21:26:19,16760,0,0,0,0,0,0,0
21:26:20,16760,10,0,0,0,0,0,0
21:26:20,16760,0,0,0,0,0,0,0
21:26:21,16760,0,0,0,0,0,0,0
21:26:21,16760,12,0,0,0,0,0,0
21:26:22,16760,0,0,0,0,0,0,0
21:26:22,16760,14,0,0,0,0,0,0
21:26:23,16760,2,0,0,0,0,0,0
21:26:23,16760,18,0,0,0,0,0,0
21:26:24,16755,20,0,0,0,0,0,0
21:26:24,16760,2,0,0,0,0,0,0
21:26:25,16755,32,0,0,0,0,0,0
21:26:25,16755,54,0,0,0,0,0,0
21:26:26,16755,6,0,0,0,0,0,0
21:26:26,16755,2,0,0,0,0,0,0
21:26:27,16755,2,0,0,0,0,0,0
21:26:27,16755,2,0,0,0,0,0,0
21:26:28,16755,0,0,0,0,0,0,0
21:26:28,16755,64,0,0,0,0,0,0
21:26:29,16755,4,0,0,0,0,0,0
21:26:29,16760,4,0,0,0,0,0,0
21:26:30,16760,0,0,0,0,0,0,0
21:26:30,16755,2,0,0,0,0,0,0
21:26:31,16760,2,0,0,0,0,0,0
21:26:31,16760,0,0,0,0,0,0,0
21:26:32,16760,2,0,0,0,0,0,0
21:26:32,16760,0,0,0,0,0,0,0
21:26:33,16760,4,0,0,0,0,0,0
21:26:33,16760,4,0,0,0,0,0,0
21:26:34,16760,0,0,0,0,0,0,0
21:26:34,16760,2,0,0,0,0,0,0
21:26:35,16760,4,0,0,0,0,0,0
21:26:35,16755,2,0,0,0,0,0,0
21:26:36,16755,0,0,0,0,0,0,0
21:26:37,16755,0,0,0,0,0,0,0
21:26:37,16755,0,0,0,0,0,0,0
21:26:38,16755,0,0,0,0,0,0,0
21:26:38,16755,0,0,0,0,0,0,0
21:26:39,16755,2,0,0,0,0,0,0
21:26:39,16760,4,0,0,0,0,0,0
21:26:40,16760,2,0,0,0,0,0,0
21:26:40,16755,20,0,0,0,0,0,0
21:26:41,16755,52,0,0,0,0,0,0
21:26:41,16755,6,0,0,0,0,0,0
21:26:42,16755,0,0,0,0,0,0,0
21:26:42,16755,0,0,0,0,0,0,0
21:26:43,16755,2,0,0,0,0,0,0
21:26:43,16755,0,0,0,0,0,0,0
21:26:44,16755,0,0,0,0,0,0,0
21:26:45,16755,0,0,0,0,0,0,0
21:26:45,16755,18,0,0,0,0,0,0
21:26:46,16755,2,0,0,0,0,0,0
21:26:46,16755,2,0,0,0,0,0,0
21:26:47,16755,4,0,0,0,0,0,0
21:26:47,16755,4,0,0,0,0,0,0
21:26:48,16755,4,0,0,0,0,0,0
21:26:48,16755,4,0,0,0,0,0,0
21:26:49,16755,16,0,0,0,0,0,0
21:26:49,16755,0,0,0,0,0,0,0
21:26:50,16755,0,0,0,0,0,0,0
21:26:50,16755,2,0,0,0,0,0,0
21:26:51,16755,0,0,0,0,0,0,0
21:26:51,16755,0,0,0,0,0,0,0
21:26:52,16760,8,0,0,0,0,0,0
21:26:52,16755,2,0,0,0,0,0,0
21:26:53,16755,0,0,0,0,0,0,0
21:26:54,16760,4,0,0,0,0,0,0
21:26:54,16760,0,0,0,0,0,0,0
21:26:55,16760,2,0,0,0,0,0,0
21:26:55,16755,10,0,0,0,0,0,0
21:26:56,16760,6,0,0,0,0,0,0
21:26:56,16755,2,0,0,0,0,0,0
21:26:57,16755,2,0,0,0,0,0,0
21:26:57,16760,4,0,0,0,0,0,0
21:26:58,16760,22,0,0,0,0,0,0
21:26:58,16760,2,0,0,0,0,0,0
21:26:59,16755,26,0,0,0,0,0,0
21:26:59,16760,2,0,0,0,0,0,0
21:27:00,16760,0,0,0,0,0,0,0
21:27:00,16760,0,0,0,0,0,0,0
21:27:01,16760,0,0,0,0,0,0,0
21:27:01,16755,2,0,0,0,0,0,0
21:27:02,16755,2,0,0,0,0,0,0
21:27:02,16760,2,0,0,0,0,0,0
21:27:03,16755,8,0,0,0,0,0,0
21:27:03,16755,0,0,0,0,0,0,0
21:27:04,16760,2,0,0,0,0,0,0
21:27:04,16760,0,0,0,0,0,0,0
21:27:05,16760,2,0,0,0,0,0,0
21:27:05,16755,4,0,0,0,0,0,0
21:27:06,16760,2,0,0,0,0,0,0
21:27:06,16755,6,0,0,0,0,0,0
21:27:07,16755,0,0,0,0,0,0,0
21:27:07,16755,0,0,0,0,0,0,0
21:27:08,16755,0,0,0,0,0,0,0
21:27:08,16755,0,0,0,0,0,0,0
21:27:09,16760,2,0,0,0,0,0,0
21:27:09,16755,2,0,0,0,0,0,0
21:27:10,16755,0,0,0,0,0,0,0
21:27:10,16755,2,0,0,0,0,0,0
21:27:11,16760,4,0,0,0,0,0,0
21:27:11,16760,4,0,0,0,0,0,0
21:27:12,16760,2,0,0,0,0,0,0
21:27:12,16760,0,0,0,0,0,0,0
21:27:13,16760,2,0,0,0,0,0,0
21:27:13,16760,2,0,0,0,0,0,0
21:27:14,16755,20,0,0,0,0,0,0
21:27:14,16760,4,0,0,0,0,0,0
21:27:15,16760,0,0,0,0,0,0,0
21:27:15,16760,0,0,0,0,0,0,0
21:27:16,16755,2,0,0,0,0,0,0
21:27:16,16755,0,0,0,0,0,0,0
21:27:17,16755,0,0,0,0,0,0,0
21:27:17,16755,6,0,0,0,0,0,0
21:27:18,16755,8,0,0,0,0,0,0
21:27:18,16755,0,0,0,0,0,0,0
21:27:19,16755,0,0,0,0,0,0,0
21:27:19,16755,2,0,0,0,0,0,0
21:27:20,16755,0,0,0,0,0,0,0
21:27:20,16760,4,0,0,0,0,0,0
21:27:21,16755,4,0,0,0,0,0,0
21:27:21,16755,2,0,0,0,0,0,0
21:27:22,16755,0,0,0,0,0,0,0
21:27:22,16755,30,0,0,0,0,0,0
21:27:23,16755,0,0,0,0,0,0,0
21:27:23,16755,2,0,0,0,0,0,0
21:27:24,16760,6,0,0,0,0,0,0
21:27:24,16760,0,0,0,0,0,0,0
21:27:25,16755,12,0,0,0,0,0,0
21:27:25,16755,20,0,0,0,0,0,0
21:27:26,16755,2,0,0,0,0,0,0
21:27:26,16755,0,0,0,0,0,0,0
21:27:27,16755,2,0,0,0,0,0,0
21:27:27,16755,4,0,0,0,0,0,0
21:27:28,16755,0,0,0,0,0,0,0
21:27:28,16755,6,0,0,0,0,0,0
21:27:29,16755,0,0,0,0,0,0,0
21:27:29,16755,4,0,0,0,0,0,0
21:27:30,16755,4,0,0,0,0,0,0
21:27:30,16755,0,0,0,0,0,0,0
21:27:31,16755,0,0,0,0,0,0,0
21:27:32,16755,2,0,0,0,0,0,0
21:27:32,16755,6,0,0,0,0,0,0
21:27:33,16750,6,0,0,0,0,0,0
21:27:33,16750,2,0,0,0,0,0,0
21:27:34,16750,2,0,0,0,0,0,0
21:27:34,16750,0,0,0,0,0,0,0
21:27:35,16755,2,0,0,0,0,0,0
21:27:35,16755,4,0,0,0,0,0,0
21:27:36,16755,4,0,0,0,0,0,0
21:27:36,16750,2,0,0,0,0,0,0
21:27:37,16755,8,0,0,0,0,0,0
21:27:37,16755,0,0,0,0,0,0,0
21:27:38,16755,0,0,0,0,0,0,0
21:27:38,16750,6,0,0,0,0,0,0
21:27:39,16750,0,0,0,0,0,0,0
21:27:39,16755,4,0,0,0,0,0,0
21:27:40,16755,0,0,0,0,0,0,0
21:27:40,16750,6,0,0,0,0,0,0
21:27:41,16750,0,0,0,0,0,0,0
21:27:41,16750,8,0,0,0,0,0,0
21:27:42,16750,0,0,0,0,0,0,0
21:27:42,16750,0,0,0,0,0,0,0
21:27:43,16750,0,0,0,0,0,0,0
21:27:44,16750,0,0,0,0,0,0,0
21:27:44,16750,2,0,0,0,0,0,0
21:27:45,16750,0,0,0,0,0,0,0
21:27:45,16755,2,0,0,0,0,0,0
21:27:46,16755,0,0,0,0,0,0,0
21:27:46,16755,48,0,0,0,0,0,0
21:27:47,16755,10,0,0,0,0,0,0
21:27:47,16760,2,0,0,0,0,0,0
21:27:48,16760,0,0,0,0,0,0,0
21:27:48,16760,0,0,0,0,0,0,0
21:27:49,16760,0,0,0,0,0,0,0
21:27:49,16760,0,0,0,0,0,0,0
21:27:50,16755,2,0,0,0,0,0,0
21:27:50,16760,4,0,0,0,0,0,0
21:27:51,16755,2,0,0,0,0,0,0
21:27:51,16755,0,0,0,0,0,0,0
21:27:52,16755,2,0,0,0,0,0,0
21:27:52,16755,0,0,0,0,0,0,0
21:27:53,16755,2,0,0,0,0,0,0
21:27:53,16755,0,0,0,0,0,0,0
21:27:54,16755,0,0,0,0,0,0,0
21:27:54,16755,0,0,0,0,0,0,0
21:27:55,16755,6,0,0,0,0,0,0
21:27:55,16755,20,0,0,0,0,0,0
21:27:56,16755,16,0,0,0,0,0,0
21:27:56,16755,6,0,0,0,0,0,0
21:27:57,16755,0,0,0,0,0,0,0
21:27:57,16755,0,0,0,0,0,0,0
21:27:58,16755,0,0,0,0,0,0,0
21:27:58,16755,2,0,0,0,0,0,0
21:27:59,16755,2,0,0,0,0,0,0
21:27:59,16755,0,0,0,0,0,0,0
21:28:00,16755,0,0,0,0,0,0,0
21:28:00,16755,16,0,0,0,0,0,0
21:28:01,16755,14,0,0,0,0,0,0
21:28:01,16755,8,0,0,0,0,0,0
21:28:02,16755,0,0,0,0,0,0,0
21:28:02,16755,0,0,0,0,0,0,0
21:28:03,16755,2,0,0,0,0,0,0
21:28:03,16755,0,0,0,0,0,0,0
21:28:04,16755,0,0,0,0,0,0,0
21:28:04,16755,2,0,0,0,0,0,0
21:28:05,16755,0,0,0,0,0,0,0
21:28:05,16755,0,0,0,0,0,0,0
21:28:06,16755,2,0,0,0,0,0,0
21:28:06,16755,0,0,0,0,0,0,0
21:28:07,16750,2,0,0,0,0,0,0
21:28:07,16750,0,0,0,0,0,0,0
21:28:08,16750,2,0,0,0,0,0,0
21:28:08,16750,0,0,0,0,0,0,0
21:28:09,16750,42,0,0,0,0,0,0
21:28:09,16750,130,0,0,0,0,0,0
21:28:10,16745,22,0,0,0,0,0,0
21:28:10,16745,4,0,0,0,0,0,0
21:28:11,16745,12,0,0,0,0,0,0
21:28:11,16750,4,0,0,0,0,0,0
21:28:12,16750,0,0,0,0,0,0,0
21:28:12,16750,14,0,0,0,0,0,0
21:28:13,16750,0,0,0,0,0,0,0
21:28:13,16750,2,0,0,0,0,0,0
21:28:14,16750,2,0,0,0,0,0,0
21:28:14,16745,4,0,0,0,0,0,0
21:28:15,16745,0,0,0,0,0,0,0
21:28:15,16745,0,0,0,0,0,0,0
21:28:16,16745,4,0,0,0,0,0,0
21:28:16,16745,0,0,0,0,0,0,0
21:28:17,16745,14,0,0,0,0,0,0
21:28:17,16745,12,0,0,0,0,0,0
21:28:18,16745,2,0,0,0,0,0,0
21:28:18,16745,8,0,0,0,0,0,0
21:28:19,16745,2,0,0,0,0,0,0
21:28:19,16745,6,0,0,0,0,0,0
21:28:20,16750,10,0,0,0,0,0,0
21:28:20,16745,4,0,0,0,0,0,0
